,ask_exchange,ask_price,ask_size,bid_exchange,bid_price,bid_size,participant_timestamp,sequence_number,sip_timestamp
0,325,0.01,291,313,0,0,0,758216569,1685735993306084608
1,325,0.01,319,319,0,0,0,757001597,1685735948532654336
2,325,0.01,319,315,0,0,0,755811094,1685735904089018624
3,325,0.01,291,302,0,0,0,755745070,1685735903770170880
4,325,0.01,319,313,0,0,0,754724161,1685735850813862144
5,322,0.01,304,313,0,0,0,754644809,1685735847795761408
6,325,0.01,291,313,0,0,0,754186122,1685735810830971648
7,325,0.01,291,301,0,0,0,752366990,1685735717488676608
8,325,0.01,291,301,0,0,0,752003421,1685735703490983680
9,322,0.01,318,301,0,0,0,751812904,1685735698159005696
10,325,0.01,291,313,0,0,0,751474660,1685735690152251136
11,325,0.01,347,301,0,0,0,751054796,1685735677994289664
12,325,0.01,347,304,0,0,0,750906879,1685735675035405824
13,325,0.01,347,300,0,0,0,750047449,1685735652870419968
14,325,0.01,347,313,0,0,0,749527217,1685735640273553408
15,325,0.01,347,308,0,0,0,749154971,1685735627654932992
16,322,0.01,306,301,0,0,0,748154442,1685735596555720960
17,325,0.01,291,301,0,0,0,747544051,1685735578014428928
18,325,0.01,347,300,0,0,0,746381454,1685735547571297024
19,325,0.01,347,300,0,0,0,745156762,1685735519796817152
20,325,0.01,291,309,0,0,0,744436037,1685735503329197056
21,322,0.01,332,313,0,0,0,743645881,1685735469480365568
22,325,0.01,347,313,0,0,0,743434753,1685735464480953856
23,325,0.01,347,313,0,0,0,742386214,1685735434950865408
24,325,0.01,347,313,0,0,0,742117765,1685735429737007104
25,325,0.01,347,309,0,0,0,742036536,1685735429276289792
26,325,0.01,347,309,0,0,0,740927874,1685735398404570112
27,325,0.01,291,313,0,0,0,738599676,1685735271070071552
28,325,0.01,347,316,0,0,0,738168828,1685735252959192064
29,322,0.01,348,313,0,0,0,736404670,1685735167989450752
30,322,0.01,310,301,0,0,0,736136072,1685735143921842432
31,325,0.01,291,313,0,0,0,735418830,1685735103775218688
32,325,0.01,347,312,0,0,0,734367174,1685735044861374720
33,325,0.01,291,301,0,0,0,733507115,1685735005655680768
34,325,0.01,291,301,0,0,0,732013141,1685734930705201408
35,325,0.01,291,301,0,0,0,731667803,1685734910167052032
36,322,0.01,348,313,0,0,0,731260468,1685734886795219712
37,322,0.01,348,313,0,0,0,729655518,1685734806188108800
38,325,0.01,291,313,0,0,0,725716129,1685734541400642560
39,325,0.01,347,313,0,0,0,718210651,1685734152833611008
40,322,0.01,322,313,0,0,0,717082349,1685734084858223360
41,325,0.01,291,313,0,0,0,715906555,1685734034641086208
42,325,0.01,291,301,0,0,0,715042870,1685733974599491584
43,325,0.01,291,301,0,0,0,714162852,1685733938455941888
44,325,0.01,347,301,0,0,0,713374967,1685733911501955328
45,325,0.01,347,300,0,0,0,712599339,1685733886445818112
46,325,0.01,291,300,0,0,0,711128251,1685733828501590272
47,325,0.01,291,313,0,0,0,709781236,1685733772327444480
48,325,0.01,291,313,0,0,0,709674677,1685733771363790336
49,325,0.01,347,316,0,0,0,708729163,1685733727299494400
50,322,0.01,348,300,0,0,0,705359940,1685733554653349888
51,325,0.01,347,309,0,0,0,703665678,1685733440320196608
52,325,0.01,347,300,0,0,0,702592896,1685733393030647808
53,325,0.01,291,315,0,0,0,702575891,1685733392903860736
54,325,0.01,347,313,0,0,0,702016636,1685733373470925824
55,325,0.01,291,316,0,0,0,699465758,1685733271357240832
56,325,0.01,291,301,0,0,0,697908253,1685733187038863104
57,325,0.01,347,300,0,0,0,697548142,1685733166257097216
58,325,0.01,291,301,0,0,0,697524633,1685733166134946048
59,325,0.01,347,313,0,0,0,697431433,1685733163794566400
60,325,0.01,291,313,0,0,0,694217050,1685733031012449024
61,325,0.01,291,313,0,0,0,693825583,1685733023191951872
62,325,0.01,291,301,0,0,0,692550370,1685732984310845952
63,322,0.01,348,313,0,0,0,690958435,1685732916484508928
64,325,0.01,347,300,0,0,0,690726964,1685732907558330880
65,325,0.01,347,303,0,0,0,690396197,1685732896652903680
66,325,0.01,291,316,0,0,0,688509912,1685732790634316288
67,322,0.01,305,313,0,0,0,687550877,1685732746669430272
68,325,0.01,347,316,0,0,0,686993355,1685732726056336128
69,325,0.01,291,313,0,0,0,686931534,1685732725749460224
70,325,0.01,291,301,0,0,0,686253815,1685732705485366016
71,325,0.01,347,313,0,0,0,685934286,1685732686607289344
72,325,0.01,347,303,0,0,0,685400918,1685732663241506048
73,325,0.01,291,301,0,0,0,684650667,1685732620469913344
74,325,0.01,347,316,0,0,0,683426629,1685732540607466240
75,325,0.01,291,319,0,0,0,682456857,1685732497129319168
76,325,0.01,291,316,0,0,0,681457267,1685732447820923136
77,322,0.01,494,325,0,0,0,680217820,1685732382203154944
78,322,0.01,348,313,0,0,0,679415756,1685732345164468224
79,325,0.01,291,313,0,0,0,677960785,1685732251039301120
80,325,0.01,291,313,0,0,0,677021420,1685732220027569408
81,325,0.01,291,316,0,0,0,676580742,1685732184011060224
82,325,0.01,347,300,0,0,0,676182285,1685732171867726592
83,322,0.01,348,313,0,0,0,671731741,1685731870559087104
84,325,0.01,291,313,0,0,0,671163573,1685731842104548608
85,325,0.01,347,309,0,0,0,670255873,1685731800181696512
86,322,0.01,348,307,0,0,0,670078485,1685731785203916032
87,325,0.01,291,313,0,0,0,669746879,1685731761539031040
88,325,0.01,291,313,0,0,0,668519961,1685731677351905024
89,325,0.01,291,313,0,0,0,667863002,1685731640757611008
90,325,0.01,347,300,0,0,0,662463246,1685731290429139712
91,325,0.01,291,301,0,0,0,662429220,1685731290199367680
92,325,0.01,291,301,0,0,0,661979276,1685731269765000704
93,325,0.01,347,313,0,0,0,657926693,1685731023984279296
94,325,0.01,347,301,0,0,0,656873162,1685730950756448256
95,325,0.01,347,313,0,0,0,655031004,1685730863084754944
96,325,0.01,291,313,0,0,0,653789646,1685730826988205312
97,325,0.01,347,313,0,0,0,653650136,1685730824218942720
98,325,0.01,291,301,0,0,0,650985732,1685730700969863936
99,325,0.01,347,300,0,0,0,650701595,1685730683277769472
100,325,0.01,347,313,0,0,0,647339189,1685730486260786688
101,325,0.01,291,313,0,0,0,646298363,1685730426787815168
102,325,0.01,347,308,0,0,0,645359973,1685730357318576640
103,325,0.01,291,313,0,0,0,645147492,1685730351533950464
104,325,0.01,347,313,0,0,0,643244691,1685730278625326336
105,322,0.01,354,325,0,0,0,641942162,1685730240298322176
106,325,0.01,291,301,0,0,0,641768072,1685730235774427392
107,325,0.01,347,313,0,0,0,639428597,1685730156243113472
108,325,0.01,347,322,0,0,0,638961002,1685730137612022272
109,325,0.01,291,313,0,0,0,636594644,1685730049576870144
110,325,0.01,347,308,0,0,0,633031689,1685729898476577024
111,325,0.01,291,308,0,0,0,632585176,1685729876145545472
112,325,0.01,347,300,0,0,0,632130769,1685729859059909376
113,325,0.01,347,313,0,0,0,628573392,1685729710767233280
114,325,0.01,347,313,0,0,0,628209994,1685729704201897984
115,325,0.01,291,303,0,0,0,627548177,1685729692912772608
116,325,0.01,291,304,0,0,0,627299043,1685729691810704640
117,325,0.01,347,309,0,0,0,625886181,1685729648097774336
118,325,0.01,347,313,0,0,0,624011521,1685729571455054336
119,325,0.01,291,308,0,0,0,623655541,1685729561515987200
120,325,0.01,347,309,0,0,0,623576516,1685729558955042560
121,325,0.01,291,301,0,0,0,622391534,1685729508007771904
122,325,0.01,347,313,0,0,0,622318183,1685729506253781248
123,325,0.01,291,301,0,0,0,621904992,1685729495588482560
124,325,0.01,347,309,0,0,0,621495527,1685729474240108288
125,325,0.01,291,323,0,0,0,621397068,1685729473756652800
126,325,0.01,347,313,0,0,0,618452907,1685729335767897088
127,325,0.01,347,313,0,0,0,617487201,1685729300317725952
128,325,0.01,347,313,0,0,0,616001771,1685729267234440960
129,325,0.01,306,309,0,0,0,614519329,1685729230231407872
130,325,0.01,291,313,0,0,0,613660721,1685729191952804096
131,325,0.01,291,313,0,0,0,611798958,1685729100114330624
132,325,0.01,347,303,0,0,0,611586680,1685729092994721024
133,325,0.01,291,300,0,0,0,611265214,1685729086635422976
134,325,0.01,291,313,0,0,0,610788326,1685729072403188224
135,325,0.01,291,313,0,0,0,609426542,1685729014437414656
136,325,0.01,347,313,0,0,0,609227424,1685729011197663232
137,325,0.01,347,309,0,0,0,607589901,1685728893287817728
138,325,0.01,291,301,0,0,0,607567447,1685728893153347072
139,325,0.01,347,322,0,0,0,607096759,1685728869149206016
140,325,0.01,291,302,0,0,0,607067744,1685728869026012416
141,322,0.01,354,303,0,0,0,601806372,1685728486492573440
142,325,0.01,291,313,0,0,0,595893137,1685728057770428160
143,325,0.01,291,313,0,0,0,594204489,1685727947189834240
144,325,0.01,347,313,0,0,0,593790690,1685727925793643008
145,325,0.01,291,303,0,0,0,592076207,1685727846836356096
146,322,0.01,354,313,0,0,0,591227645,1685727800778663168
147,325,0.01,291,319,0,0,0,590975996,1685727790520139264
148,322,0.01,348,313,0,0,0,590430064,1685727755408093952
149,325,0.01,347,301,0,0,0,589768689,1685727732716997120
150,325,0.01,291,313,0,0,0,589750209,1685727732587212800
151,325,0.01,291,301,0,0,0,589488540,1685727712505768448
152,325,0.01,291,313,0,0,0,586974211,1685727498900623616
153,325,0.01,347,301,0,0,0,584669444,1685727378268159744
154,325,0.01,347,301,0,0,0,583065664,1685727308563877120
155,325,0.01,347,301,0,0,0,579435366,1685727137386394368
156,325,0.01,291,313,0,0,0,579360793,1685727137039233280
157,325,0.01,306,315,0,0,0,578620973,1685727095651959296
158,322,0.01,348,313,0,0,0,574554115,1685726879817260032
159,325,0.01,291,313,0,0,0,571611387,1685726704133323008
160,325,0.01,291,301,0,0,0,571059444,1685726667410388992
161,325,0.01,347,313,0,0,0,570720415,1685726652508466432
162,325,0.01,347,313,0,0,0,568623985,1685726539305766400
163,325,0.01,291,313,0,0,0,568423484,1685726532261295872
164,325,0.01,347,300,0,0,0,565010896,1685726326919723008
165,325,0.01,347,315,0,0,0,563649671,1685726248616688384
166,325,0.01,291,302,0,0,0,563424789,1685726241007598592
167,325,0.01,291,316,0,0,0,562741913,1685726211777069824
168,325,0.01,347,309,0,0,0,562595881,1685726204362595840
169,325,0.01,291,313,0,0,0,562250288,1685726195827667968
170,322,0.01,322,313,0,0,0,561748563,1685726180269771520
171,325,0.01,347,313,0,0,0,561632391,1685726177991915776
172,325,0.01,291,313,0,0,0,559080408,1685726012578179840
173,325,0.01,291,301,0,0,0,557117830,1685725876734016512
174,325,0.01,347,313,0,0,0,547649267,1685725326695680768
175,325,0.01,291,313,0,0,0,547624313,1685725326571249408
176,325,0.01,291,307,0,0,0,547473498,1685725322149484800
177,322,0.01,338,301,0,0,0,546267742,1685725264680608768
178,325,0.01,306,309,0,0,0,543454540,1685725119526172160
179,313,0.01,260,325,0,0,0,543433687,1685725119399049728
180,325,0.01,347,313,0,0,0,540820004,1685724982968020992
181,325,0.01,291,308,0,0,0,535108912,1685724648519279360
182,325,0.01,347,313,0,0,0,534777704,1685724625817496832
183,325,0.01,347,304,0,0,0,532805459,1685724544631905280
184,325,0.01,347,313,0,0,0,531805654,1685724496426315776
185,325,0.01,347,313,0,0,0,531156386,1685724479164594176
186,325,0.01,291,309,0,0,0,530538203,1685724457665565696
187,325,0.01,347,309,0,0,0,528920461,1685724391575894528
188,325,0.01,347,309,0,0,0,528882538,1685724390577342720
189,325,0.01,291,313,0,0,0,528386038,1685724370013282816
190,325,0.01,347,322,0,0,0,528022029,1685724353691814400
191,325,0.01,347,300,0,0,0,527916791,1685724352243269376
192,325,0.01,347,301,0,0,0,527376117,1685724321445379584
193,325,0.01,291,313,0,0,0,526247714,1685724262566454528
194,322,0.01,348,300,0,0,0,525148657,1685724190138237952
195,325,0.01,347,309,0,0,0,523237864,1685724087134689536
196,325,0.01,347,309,0,0,0,523194811,1685724085923886080
197,325,0.01,291,313,0,0,0,521621712,1685723990044393472
198,325,0.01,347,313,0,0,0,520544072,1685723933533110784
199,325,0.01,347,313,0,0,0,520248382,1685723911164367104
200,325,0.01,347,312,0,0,0,520081714,1685723908154434048
201,325,0.01,291,301,0,0,0,517854827,1685723831148634112
202,325,0.01,291,313,0,0,0,516772205,1685723785902288896
203,322,0.01,348,313,0,0,0,515838093,1685723739218981120
204,325,0.01,347,313,0,0,0,512649601,1685723590321523712
205,325,0.01,347,300,0,0,0,512019772,1685723571062109184
206,325,0.01,347,301,0,0,0,511497088,1685723538024527360
207,325,0.01,291,313,0,0,0,511337521,1685723532039160832
208,325,0.01,347,313,0,0,0,511027969,1685723520192660736
209,325,0.01,347,313,0,0,0,510682320,1685723511160714752
210,325,0.01,291,313,0,0,0,509639677,1685723479330075392
211,325,0.01,347,301,0,0,0,506386156,1685723351028397312
212,325,0.01,291,302,0,0,0,506349636,1685723350851551232
213,325,0.01,347,301,0,0,0,505615237,1685723313009731328
214,325,0.01,347,301,0,0,0,505216165,1685723296603106304
215,325,0.01,347,313,0,0,0,504267746,1685723264697719808
216,325,0.01,347,301,0,0,0,503226664,1685723220471819520
217,325,0.01,347,313,0,0,0,502817284,1685723196918930176
218,325,0.01,347,313,0,0,0,502651385,1685723191427207680
219,325,0.01,347,301,0,0,0,501201703,1685723116320454656
220,322,0.01,305,313,0,0,0,498118687,1685722976248433408
221,325,0.01,291,313,0,0,0,496740018,1685722913955736320
222,325,0.01,347,313,0,0,0,496444075,1685722900863241984
223,325,0.01,347,301,0,0,0,493216234,1685722793701195776
224,325,0.01,291,309,0,0,0,493175068,1685722793477532160
225,325,0.01,347,313,0,0,0,492026464,1685722736658723584
226,325,0.01,347,303,0,0,0,490199218,1685722670958802688
227,325,0.01,347,309,0,0,0,486843225,1685722571840788736
228,325,0.01,347,313,0,0,0,485562941,1685722530574123776
229,325,0.01,347,301,0,0,0,484952980,1685722502941162496
230,325,0.01,347,313,0,0,0,484454662,1685722477374177536
231,322,0.01,292,301,0,0,0,478859098,1685722291271308544
232,325,0.01,347,313,0,0,0,477589024,1685722231674117632
233,325,0.01,347,323,0,0,0,472287073,1685721986984128256
234,325,0.01,347,301,0,0,0,470801673,1685721938794042368
235,325,0.01,291,322,0,0,0,468095235,1685721851334540288
236,325,0.01,347,319,0,0,0,467255086,1685721831632895488
237,325,0.01,347,313,0,0,0,466609995,1685721819242181632
238,325,0.01,347,309,0,0,0,466463169,1685721813895314944
239,325,0.01,291,319,0,0,0,465926891,1685721799486758912
240,325,0.01,347,302,0,0,0,464948308,1685721767343661312
241,325,0.01,291,313,0,0,0,462687007,1685721692286948608
242,325,0.01,347,302,0,0,0,460500240,1685721602916101888
243,325,0.01,306,313,0,0,0,454990852,1685721348260450048
244,325,0.01,250,301,0,0,0,454888651,1685721347557077504
245,325,0.01,347,300,0,0,0,453765929,1685721316533654784
246,325,0.01,291,302,0,0,0,449921779,1685721200333033216
247,325,0.01,291,322,0,0,0,449276158,1685721181068572928
248,325,0.01,347,301,0,0,0,447700733,1685721134641192192
249,325,0.01,347,313,0,0,0,446083965,1685721071222962944
250,325,0.01,291,301,0,0,0,445223802,1685721042882881280
251,322,0.01,348,308,0,0,0,443747101,1685721003902046208
252,325,0.01,291,313,0,0,0,440538956,1685720886119773440
253,325,0.01,347,300,0,0,0,440150415,1685720879481428992
254,325,0.01,347,313,0,0,0,439062841,1685720855836774400
255,325,0.01,347,313,0,0,0,436886058,1685720794697105664
256,325,0.01,347,313,0,0,0,435113445,1685720759558025472
257,325,0.01,347,313,0,0,0,434757427,1685720750651768320
258,325,0.01,347,313,0,0,0,434587804,1685720744956370432
259,325,0.01,347,301,0,0,0,434377300,1685720739001865728
260,322,0.01,322,319,0,0,0,433873957,1685720721433941504
261,325,0.01,291,313,0,0,0,432551213,1685720682770887168
262,325,0.01,347,302,0,0,0,431388453,1685720641918166784
263,325,0.01,347,301,0,0,0,430822812,1685720623843738880
264,325,0.01,347,302,0,0,0,426105640,1685720411719259648
265,325,0.01,347,313,0,0,0,423738590,1685720327745936128
266,325,0.01,291,322,0,0,0,422507718,1685720279734684928
267,322,0.01,348,313,0,0,0,419484211,1685720166066701056
268,325,0.01,347,313,0,0,0,419082716,1685720154461691136
269,325,0.01,347,309,0,0,0,418937387,1685720150890378496
270,325,0.01,347,309,0,0,0,418476162,1685720140898914304
271,325,0.01,291,313,0,0,0,418445140,1685720140695073536
272,325,0.01,291,301,0,0,0,416680332,1685720095033881088
273,325,0.01,291,309,0,0,0,416438391,1685720089350473216
274,325,0.01,291,313,0,0,0,415844654,1685720076739332096
275,325,0.01,291,309,0,0,0,414542288,1685720056392785152
276,325,0.01,347,322,0,0,0,414413069,1685720054182563328
277,325,0.01,347,313,0,0,0,412428705,1685720004699935488
278,325,0.01,347,301,0,0,0,412307459,1685720003997974016
279,325,0.01,291,309,0,0,0,411399089,1685719984604541440
280,325,0.01,347,302,0,0,0,410326056,1685719964048601344
281,325,0.01,347,312,0,0,0,408029891,1685719903781110016
282,325,0.01,347,313,0,0,0,407893621,1685719903168702720
283,322,0.01,348,313,0,0,0,407000555,1685719882425720576
284,325,0.01,347,301,0,0,0,406086900,1685719856302055168
285,325,0.01,291,323,0,0,0,406057059,1685719856103376640
286,325,0.01,291,301,0,0,0,403464820,1685719770922974208
287,325,0.01,347,313,0,0,0,403232232,1685719765176657408
288,325,0.01,291,308,0,0,0,402630963,1685719749220225792
289,325,0.01,291,300,0,0,0,401462089,1685719710949491712
290,325,0.01,347,313,0,0,0,401131467,1685719704978112512
291,325,0.01,291,322,0,0,0,400936042,1685719703683311360
292,325,0.01,291,315,0,0,0,400473099,1685719693463336192
293,325,0.01,291,315,0,0,0,396880169,1685719570569061888
294,325,0.01,347,313,0,0,0,396772626,1685719568218819328
295,325,0.01,291,316,0,0,0,394618104,1685719493856806144
296,325,0.01,347,313,0,0,0,387996128,1685719282465899008
297,325,0.01,347,313,0,0,0,387835332,1685719281073221632
298,325,0.01,347,313,0,0,0,386923993,1685719254731164416
299,325,0.01,347,319,0,0,0,383814351,1685719153872660224
300,325,0.01,291,323,0,0,0,383785985,1685719153730496000
301,325,0.01,291,313,0,0,0,380383091,1685719064729686016
302,325,0.01,347,313,0,0,0,380303584,1685719062990319872
303,325,0.01,291,309,0,0,0,379380060,1685719044106145792
304,325,0.01,291,313,0,0,0,378371418,1685719018030641920
305,325,0.01,291,300,0,0,0,376945151,1685718986105114112
306,325,0.01,347,313,0,0,0,376476335,1685718978555802112
307,325,0.01,347,313,0,0,0,376421092,1685718978231696896
308,325,0.01,347,316,0,0,0,375716729,1685718958879762432
309,325,0.01,291,304,0,0,0,375661397,1685718958631242240
310,325,0.01,347,302,0,0,0,375581444,1685718957581212416
311,325,0.01,291,313,0,0,0,374260220,1685718911250528512
312,325,0.01,347,313,0,0,0,374064267,1685718907357707264
313,325,0.01,347,313,0,0,0,373301119,1685718892580963072
314,325,0.01,291,308,0,0,0,372339099,1685718862880137728
315,325,0.01,347,313,0,0,0,372225721,1685718861077043456
316,325,0.01,347,313,0,0,0,371514955,1685718847944486656
317,325,0.01,347,301,0,0,0,370238263,1685718818641470720
318,325,0.01,347,313,0,0,0,369600949,1685718803752227072
319,325,0.01,347,313,0,0,0,368553537,1685718788039732736
320,325,0.01,347,322,0,0,0,365404564,1685718715987732480
321,322,0.01,348,313,0,0,0,365373189,1685718715850927104
322,325,0.01,291,313,0,0,0,361158006,1685718591589646848
323,325,0.01,347,309,0,0,0,360669849,1685718572974629888
324,325,0.01,291,313,0,0,0,360153937,1685718558172311040
325,325,0.01,347,313,0,0,0,359219893,1685718538076015616
326,325,0.01,347,313,0,0,0,358629085,1685718528627116032
327,325,0.01,347,301,0,0,0,358306408,1685718517886941440
328,325,0.01,347,313,0,0,0,357917226,1685718504631259136
329,325,0.01,291,300,0,0,0,357023891,1685718483019156992
330,325,0.01,347,300,0,0,0,356712783,1685718472329885952
331,325,0.01,291,313,0,0,0,356686820,1685718472203791104
332,325,0.01,347,313,0,0,0,355453914,1685718443719718656
333,325,0.01,347,313,0,0,0,355269280,1685718440702054144
334,325,0.01,347,301,0,0,0,354954549,1685718431054487808
335,325,0.01,347,313,0,0,0,354239084,1685718414900167168
336,325,0.01,291,313,0,0,0,353384559,1685718402505820416
337,325,0.01,347,313,0,0,0,353258368,1685718399756713472
338,325,0.01,347,309,0,0,0,353065026,1685718396172675328
339,325,0.01,291,313,0,0,0,353035821,1685718396040786176
340,325,0.01,306,313,0,0,0,352729436,1685718387358628608
341,325,0.01,347,301,0,0,0,351250571,1685718364100463616
342,325,0.01,291,309,0,0,0,351205910,1685718363863153664
343,325,0.01,291,313,0,0,0,351072667,1685718360330147072
344,325,0.01,291,313,0,0,0,350466392,1685718341181235456
345,325,0.01,250,309,0,0,0,349204331,1685718309291670272
346,325,0.01,250,315,0,0,0,348727655,1685718300892374528
347,325,0.01,291,313,0,0,0,348616551,1685718299027882496
348,325,0.01,291,300,0,0,0,347736158,1685718275764227584
349,325,0.01,347,313,0,0,0,346816660,1685718254825792000
350,313,0.01,260,301,0,0,0,345773097,1685718224754617600
351,325,0.01,347,313,0,0,0,345100689,1685718200666441984
352,325,0.01,291,301,0,0,0,344693827,1685718190184283648
353,325,0.01,291,313,0,0,0,344261996,1685718176810864896
354,325,0.01,347,313,0,0,0,344027249,1685718170161829632
355,325,0.01,291,322,0,0,0,343834665,1685718166726908672
356,325,0.01,347,301,0,0,0,343177922,1685718149522000384
357,325,0.01,347,313,0,0,0,342504466,1685718136338639872
358,325,0.01,291,301,0,0,0,342471312,1685718136125627136
359,325,0.01,291,300,0,0,0,342072591,1685718128004289024
360,325,0.01,347,313,0,0,0,341894392,1685718124133794816
361,325,0.01,291,301,0,0,0,339890710,1685718079701753344
362,325,0.01,347,313,0,0,0,339754676,1685718076938083584
363,325,0.01,291,313,0,0,0,339044828,1685718061644336896
364,325,0.01,347,308,0,0,0,338192385,1685718041383391232
365,325,0.01,347,313,0,0,0,337659308,1685718034073393408
366,325,0.01,347,322,0,0,0,336639455,1685718020904003328
367,325,0.01,306,312,0,0,0,336295244,1685718012857978624
368,325,0.01,250,316,0,0,0,336268834,1685718012716411136
369,325,0.01,347,309,0,0,0,336094011,1685718008439836160
370,325,0.01,291,301,0,0,0,336069805,1685718008306854400
371,325,0.01,347,322,0,0,0,335650833,1685717998696478208
372,325,0.01,347,322,0,0,0,335131194,1685717987246727680
373,325,0.01,347,300,0,0,0,335035197,1685717985920018944
374,325,0.01,291,301,0,0,0,334512843,1685717972847361792
375,325,0.01,347,313,0,0,0,334315225,1685717966627902720
376,325,0.01,347,301,0,0,0,334182529,1685717964838999296
377,325,0.01,250,301,0,0,0,333905334,1685717957920649472
378,325,0.01,291,309,0,0,0,332946437,1685717944032864000
379,325,0.01,291,313,0,0,0,331763530,1685717924057212160
380,325,0.01,291,313,0,0,0,331679234,1685717922041989376
381,325,0.01,347,313,0,0,0,329422457,1685717840898662400
382,325,0.01,291,319,0,0,0,329364569,1685717840365362176
383,322,0.01,348,313,0,0,0,328845542,1685717826258992128
384,325,0.01,291,313,0,0,0,328581078,1685717815675715072
385,325,0.01,291,301,0,0,0,326881207,1685717761303783680
386,322,0.01,348,309,0,0,0,326877297,1685717761292010752
387,325,0.01,347,301,0,0,0,325881115,1685717732418081024
388,325,0.01,291,322,0,0,0,325849569,1685717732269171712
389,325,0.01,291,301,0,0,0,324509202,1685717702491107584
390,325,0.01,347,309,0,0,0,323827204,1685717680361593088
391,325,0.01,291,313,0,0,0,323798012,1685717680193548032
392,325,0.01,291,313,0,0,0,320690328,1685717597322317312
393,325,0.01,347,313,0,0,0,320343107,1685717588294968064
394,325,0.01,347,313,0,0,0,317334654,1685717495320709120
395,325,0.01,347,303,0,0,0,312724050,1685717396475447040
396,325,0.01,347,309,0,0,0,310237521,1685717347411238400
397,325,0.01,347,301,0,0,0,309570954,1685717337024318976
398,325,0.01,347,313,0,0,0,308106883,1685717317781591040
399,325,0.01,347,303,0,0,0,308040219,1685717317451178752
400,325,0.01,347,313,0,0,0,307853257,1685717315409976832
401,325,0.01,347,313,0,0,0,306439469,1685717289965988352
402,325,0.01,291,313,0,0,0,306359386,1685717289426885888
403,325,0.01,347,313,0,0,0,306203732,1685717287610749696
404,325,0.01,347,313,0,0,0,305982422,1685717285593299712
405,325,0.01,347,313,0,0,0,305809881,1685717283449230080
406,325,0.01,347,313,0,0,0,305491041,1685717277301505280
407,325,0.01,347,313,0,0,0,304880443,1685717267077386752
408,325,0.01,291,313,0,0,0,304708374,1685717266329450496
409,322,0.01,348,300,0,0,0,302821280,1685717208251284480
410,325,0.01,347,301,0,0,0,299897712,1685717118771388672
411,325,0.01,347,313,0,0,0,297429283,1685717060198579712
412,325,0.01,291,301,0,0,0,297143107,1685717051818613248
413,322,0.01,348,322,0,0,0,297141835,1685717051816792576
414,325,0.01,291,313,0,0,0,296891159,1685717045256556288
415,325,0.01,306,301,0,0,0,296458416,1685717032962031616
416,325,0.01,291,313,0,0,0,296245467,1685717027077918720
417,325,0.01,291,301,0,0,0,295037394,1685717001220462080
418,325,0.01,291,313,0,0,0,294377256,1685716984126242304
419,325,0.01,291,313,0,0,0,293205055,1685716938415499264
420,325,0.01,291,313,0,0,0,293014690,1685716933142172928
421,325,0.01,291,313,0,0,0,292895308,1685716930328678144
422,325,0.01,291,313,0,0,0,289299919,1685716827150213120
423,325,0.01,291,303,0,0,0,289081605,1685716820175916032
424,325,0.01,291,307,0,0,0,288572612,1685716809542868224
425,325,0.01,347,323,0,0,0,288298556,1685716801662442240
426,325,0.01,347,316,0,0,0,287700987,1685716786689595904
427,325,0.01,291,313,0,0,0,287674307,1685716786548084736
428,325,0.01,347,322,0,0,0,287587018,1685716784642626560
429,325,0.01,347,313,0,0,0,287367673,1685716780745049088
430,325,0.01,291,309,0,0,0,286890473,1685716776139239680
431,325,0.01,291,301,0,0,0,286213949,1685716758958895104
432,325,0.01,347,309,0,0,0,286167826,1685716758155457024
433,325,0.01,347,313,0,0,0,284577496,1685716719947443200
434,325,0.01,347,301,0,0,0,283812837,1685716698251344128
435,325,0.01,347,313,0,0,0,283630932,1685716695515024384
436,325,0.01,291,309,0,0,0,281594584,1685716666729320704
437,325,0.01,347,313,0,0,0,281176606,1685716660238153984
438,325,0.01,291,309,0,0,0,280359212,1685716649462688768
439,325,0.01,347,313,0,0,0,279841938,1685716643133005312
440,325,0.01,347,322,0,0,0,279619254,1685716640247944704
441,325,0.01,347,313,0,0,0,279484922,1685716638609666560
442,325,0.01,291,313,0,0,0,277655323,1685716596992105216
443,325,0.01,347,313,0,0,0,274321892,1685716537500300544
444,325,0.01,347,304,0,0,0,273454285,1685716515566875136
445,325,0.01,291,313,0,0,0,272457639,1685716484601861632
446,325,0.01,347,304,0,0,0,271925182,1685716472289060096
447,325,0.01,347,301,0,0,0,271072340,1685716450137036288
448,325,0.01,291,313,0,0,0,271033613,1685716449976298496
449,325,0.01,347,313,0,0,0,270644022,1685716444502351360
450,325,0.01,291,309,0,0,0,270265024,1685716439212476416
451,325,0.01,347,313,0,0,0,270062266,1685716433008286976
452,325,0.01,347,301,0,0,0,269761893,1685716424976999168
453,325,0.01,347,313,0,0,0,269286752,1685716412653562624
454,325,0.01,347,313,0,0,0,268239063,1685716398324495616
455,325,0.01,347,309,0,0,0,267776637,1685716393283265280
456,325,0.01,347,313,0,0,0,267632246,1685716392269601536
457,325,0.01,347,309,0,0,0,267141673,1685716383847584256
458,325,0.01,347,301,0,0,0,267018703,1685716382870864640
459,325,0.01,291,313,0,0,0,266987179,1685716382734745600
460,325,0.01,347,309,0,0,0,265286944,1685716353079973632
461,325,0.01,291,301,0,0,0,264793146,1685716346952215552
462,325,0.01,347,307,0,0,0,261233355,1685716286435597824
463,325,0.01,347,308,0,0,0,260828174,1685716274705566976
464,325,0.01,291,313,0,0,0,258837299,1685716228566417664
465,325,0.01,291,313,0,0,0,258640120,1685716224589359872
466,325,0.01,347,301,0,0,0,258212934,1685716214824161536
467,325,0.01,291,313,0,0,0,258183252,1685716214703108864
468,325,0.01,347,313,0,0,0,257976710,1685716210697268480
469,325,0.01,291,315,0,0,0,255341787,1685716149402885376
470,325,0.01,347,309,0,0,0,255124122,1685716146642476032
471,325,0.01,347,301,0,0,0,254466092,1685716131952225280
472,325,0.01,291,313,0,0,0,254435016,1685716131835237888
473,325,0.01,347,316,0,0,0,253772520,1685716117540533760
474,325,0.01,347,313,0,0,0,253626334,1685716113519184384
475,325,0.01,347,309,0,0,0,253554022,1685716111872179712
476,325,0.01,291,313,0,0,0,253440541,1685716109826459136
477,325,0.01,347,313,0,0,0,253393183,1685716107908792832
478,325,0.01,347,313,0,0,0,252932117,1685716097292126208
479,325,0.01,347,300,0,0,0,252062298,1685716085855103744
480,325,0.01,291,313,0,0,0,252026411,1685716085659884544
481,325,0.01,291,309,0,0,0,251325680,1685716071844869632
482,325,0.01,347,313,0,0,0,250175998,1685716048231865600
483,325,0.01,291,322,0,0,0,250017319,1685716046371648256
484,325,0.01,347,309,0,0,0,248839535,1685716027869577472
485,325,0.01,347,313,0,0,0,248779908,1685716027450870528
486,325,0.01,347,313,0,0,0,247203923,1685715992599431936
487,325,0.01,347,313,0,0,0,246112508,1685715975575345408
488,325,0.01,347,309,0,0,0,245252588,1685715965364505344
489,325,0.01,291,301,0,0,0,243341217,1685715938684928256
490,325,0.01,347,301,0,0,0,242636696,1685715925526606592
491,325,0.01,347,309,0,0,0,242134216,1685715918611517440
492,325,0.01,347,313,0,0,0,241163429,1685715908509838848
493,325,0.01,347,313,0,0,0,240826024,1685715905328864768
494,325,0.01,291,313,0,0,0,240771214,1685715905071998720
495,325,0.01,347,313,0,0,0,240183940,1685715899109345792
496,325,0.01,347,313,0,0,0,240136338,1685715898518949376
497,325,0.01,347,301,0,0,0,239959580,1685715897134839296
498,325,0.01,291,313,0,0,0,239932896,1685715897008864768
499,325,0.01,347,313,0,0,0,239535117,1685715889463228672
500,325,0.01,347,301,0,0,0,239083914,1685715883666996736
501,325,0.01,347,313,0,0,0,238954401,1685715881842616832
502,325,0.01,347,301,0,0,0,238369818,1685715870803613440
503,325,0.01,347,313,0,0,0,238129954,1685715865914107392
504,325,0.01,347,303,0,0,0,237624149,1685715858532720896
505,325,0.01,347,309,0,0,0,237248681,1685715855143528704
506,325,0.01,291,313,0,0,0,236846675,1685715852042010112
507,325,0.01,347,301,0,0,0,234941521,1685715805404392960
508,325,0.01,347,308,0,0,0,234579374,1685715797076342528
509,325,0.01,347,313,0,0,0,234463673,1685715795256304640
510,325,0.01,347,301,0,0,0,234194035,1685715791603690496
511,325,0.01,291,301,0,0,0,233041778,1685715779627623680
512,325,0.01,291,313,0,0,0,232912040,1685715776488167424
513,322,0.01,348,309,0,0,0,231854071,1685715759477033472
514,325,0.01,347,301,0,0,0,230713164,1685715737816605696
515,325,0.01,347,313,0,0,0,230616073,1685715736431053824
516,325,0.01,291,313,0,0,0,229229912,1685715721523842816
517,325,0.01,347,315,0,0,0,228294083,1685715711020358912
518,325,0.01,291,313,0,0,0,228015133,1685715708211085824
519,325,0.01,291,313,0,0,0,226924284,1685715688215832064
520,325,0.01,347,313,0,0,0,226494593,1685715679950366464
521,325,0.01,347,301,0,0,0,225676066,1685715669365617152
522,325,0.01,347,313,0,0,0,224759911,1685715660684023808
523,325,0.01,347,301,0,0,0,224174646,1685715655944504832
524,325,0.01,291,313,0,0,0,224149860,1685715655799183872
525,325,0.01,347,323,0,0,0,223751288,1685715650889020160
526,325,0.01,291,313,0,0,0,222502796,1685715632061108736
527,325,0.01,347,313,0,0,0,221885243,1685715625718353664
528,325,0.01,291,313,0,0,0,221716867,1685715621842675456
529,325,0.01,347,313,0,0,0,219573243,1685715576980126208
530,325,0.01,347,309,0,0,0,218574470,1685715556874448640
531,325,0.01,347,308,0,0,0,217298523,1685715530673057536
532,325,0.01,347,309,0,0,0,217219233,1685715530065706496
533,325,0.01,347,301,0,0,0,216919263,1685715525399692800
534,325,0.01,347,313,0,0,0,216399965,1685715520402682880
535,325,0.01,291,313,0,0,0,216145959,1685715517616228864
536,325,0.01,291,313,0,0,0,215956761,1685715515092535552
537,325,0.01,347,313,0,0,0,215716862,1685715511779629312
538,325,0.01,347,307,0,0,0,215515052,1685715509197042688
539,325,0.01,347,313,0,0,0,214267104,1685715490248750592
540,325,0.01,347,322,0,0,0,213210241,1685715477628260864
541,325,0.01,291,308,0,0,0,212961798,1685715473384990208
542,325,0.01,291,309,0,0,0,212077068,1685715456402000896
543,325,0.01,347,313,0,0,0,211751451,1685715450949121024
544,325,0.01,291,313,0,0,0,211409722,1685715444638828800
545,325,0.01,347,313,0,0,0,210587612,1685715435046701056
546,325,0.01,347,313,0,0,0,210050209,1685715426830451456
547,325,0.01,347,309,0,0,0,209929037,1685715425960083968
548,325,0.01,250,309,0,0,0,209633132,1685715422920337664
549,313,0.01,260,313,0,0,0,209628805,1685715422904008704
550,325,0.01,250,301,0,0,0,209565927,1685715422353667840
551,313,0.01,260,313,0,0,0,209562093,1685715422336847616
552,325,0.01,250,309,0,0,0,209522721,1685715422009668096
553,325,0.01,306,301,0,0,0,209224989,1685715419555448576
554,325,0.01,291,313,0,0,0,209082202,1685715418525932544
555,325,0.01,291,313,0,0,0,208478380,1685715408723142400
556,325,0.01,347,309,0,0,0,207712380,1685715393576760064
557,325,0.01,347,313,0,0,0,207483578,1685715390173679616
558,325,0.01,291,300,0,0,0,207197415,1685715387393175040
559,325,0.01,347,301,0,0,0,207095811,1685715385048442624
560,325,0.01,291,313,0,0,0,206080756,1685715369333289728
561,325,0.01,291,313,0,0,0,206011253,1685715368686333952
562,325,0.01,291,313,0,0,0,205095567,1685715359249148160
563,325,0.01,347,313,0,0,0,204580391,1685715348040990720
564,325,0.01,347,313,0,0,0,204300554,1685715342113805824
565,325,0.01,347,313,0,0,0,203097425,1685715322440202752
566,325,0.01,347,313,0,0,0,202679445,1685715315144925696
567,325,0.01,347,313,0,0,0,202098736,1685715307425758976
568,325,0.01,347,309,0,0,0,200092003,1685715277979560704
569,325,0.01,347,309,0,0,0,199294867,1685715266309908992
570,325,0.01,347,301,0,0,0,199042176,1685715262317487360
571,325,0.01,291,312,0,0,0,198714589,1685715256744401152
572,325,0.01,347,301,0,0,0,197421069,1685715232120880128
573,325,0.01,291,301,0,0,0,197081058,1685715226043618560
574,322,0.01,344,322,0,0,0,197076126,1685715225996205568
575,322,0.01,321,303,0,0,0,196927091,1685715222537370624
576,325,0.01,347,301,0,0,0,196319590,1685715214174031872
577,325,0.01,347,313,0,0,0,196270781,1685715213887429888
578,325,0.01,347,301,0,0,0,194839467,1685715186896518912
579,325,0.01,347,313,0,0,0,194128284,1685715176421586176
580,325,0.01,291,308,0,0,0,190504075,1685715107581426944
581,325,0.01,250,301,0,0,0,189992263,1685715097289935872
582,313,0.01,260,313,0,0,0,189986862,1685715097277015296
583,325,0.01,291,304,0,0,0,189881759,1685715095931167232
584,325,0.01,291,316,0,0,0,189174120,1685715079561857024
585,325,0.01,347,323,0,0,0,185573849,1685715002302381568
586,325,0.01,347,313,0,0,0,184419920,1685714984608239360
587,325,0.01,291,313,0,0,0,183442728,1685714972533354752
588,325,0.01,306,313,0,0,0,181896028,1685714945111327232
589,325,0.01,347,309,0,0,0,181802437,1685714944067539456
590,325,0.01,347,304,0,0,0,181297929,1685714935540197120
591,325,0.01,291,315,0,0,0,181004537,1685714931474758144
592,325,0.01,347,322,0,0,0,180858613,1685714928658715904
593,325,0.01,291,301,0,0,0,180815605,1685714928480701952
594,325,0.01,347,313,0,0,0,180419990,1685714915476312320
595,325,0.01,347,313,0,0,0,179174592,1685714893018842624
596,325,0.01,291,313,0,0,0,178984318,1685714888794789120
597,325,0.01,291,313,0,0,0,178660286,1685714881815479040
598,325,0.01,347,303,0,0,0,177210304,1685714847571523584
599,325,0.01,291,313,0,0,0,176812358,1685714840404455680
600,325,0.01,347,301,0,0,0,176486308,1685714834610547200
601,325,0.01,291,313,0,0,0,176469419,1685714834499001600
602,325,0.01,291,313,0,0,0,171648014,1685714743078310912
603,325,0.01,347,309,0,0,0,171555547,1685714740287744000
604,325,0.01,291,313,0,0,0,171534289,1685714740091031296
605,325,0.01,291,313,0,0,0,171385988,1685714738214682624
606,325,0.01,347,301,0,0,0,170552535,1685714726788071936
607,325,0.01,291,313,0,0,0,170462101,1685714726204873472
608,325,0.01,347,313,0,0,0,170321719,1685714722446470144
609,325,0.01,291,313,0,0,0,170167178,1685714720111060992
610,325,0.01,347,309,0,0,0,169466509,1685714712567432704
611,325,0.01,347,301,0,0,0,169253056,1685714709840537856
612,325,0.01,291,313,0,0,0,169049117,1685714706410787072
613,325,0.01,291,313,0,0,0,168653438,1685714697994217728
614,325,0.01,347,313,0,0,0,165673616,1685714644280588544
615,325,0.01,347,304,0,0,0,165393677,1685714642322158336
616,325,0.01,347,313,0,0,0,163603936,1685714617134289920
617,325,0.01,347,301,0,0,0,163204211,1685714613473132288
618,325,0.01,291,313,0,0,0,162851352,1685714606207751936
619,325,0.01,347,313,0,0,0,162711248,1685714603182522624
620,325,0.01,306,313,0,0,0,162248866,1685714595360325888
621,325,0.01,347,313,0,0,0,161409598,1685714584251218176
622,325,0.01,347,313,0,0,0,161252865,1685714583063534336
623,325,0.01,347,309,0,0,0,159120480,1685714542801648640
624,325,0.01,347,313,0,0,0,158902290,1685714538438685184
625,325,0.01,291,300,0,0,0,157626652,1685714521383590656
626,325,0.01,347,300,0,0,0,156985213,1685714511800084736
627,325,0.01,291,313,0,0,0,156021479,1685714497940104448
628,325,0.01,347,313,0,0,0,154137049,1685714472575434752
629,325,0.01,347,313,0,0,0,154025104,1685714471777850112
630,325,0.01,291,319,0,0,0,153447090,1685714464819129088
631,325,0.01,347,313,0,0,0,153372097,1685714463989445376
632,325,0.01,291,313,0,0,0,152429874,1685714452545102336
633,325,0.01,347,301,0,0,0,151620968,1685714440676460544
634,325,0.01,347,309,0,0,0,151483834,1685714439792091904
635,325,0.01,347,313,0,0,0,149214586,1685714417903521280
636,325,0.01,291,301,0,0,0,149046012,1685714415601293824
637,325,0.01,347,313,0,0,0,148754652,1685714412409793280
638,325,0.01,291,313,0,0,0,148099772,1685714406613288448
639,322,0.01,322,322,0,0,0,148095206,1685714406608020736
640,325,0.01,250,309,0,0,0,147863926,1685714404601549568
641,325,0.01,306,313,0,0,0,147806995,1685714403984049920
642,325,0.01,347,303,0,0,0,147672523,1685714403026204928
643,325,0.01,347,304,0,0,0,147520859,1685714401764139008
644,325,0.01,291,308,0,0,0,147432948,1685714400843557888
645,325,0.01,347,313,0,0,0,147183456,1685714397230293248
646,325,0.01,347,313,0,0,0,146516185,1685714388571269888
647,325,0.01,291,313,0,0,0,146298376,1685714386131839232
648,325,0.01,347,301,0,0,0,146177218,1685714384434470656
649,325,0.01,291,309,0,0,0,146122030,1685714384262951936
650,325,0.01,347,313,0,0,0,145457008,1685714374274204928
651,325,0.01,291,301,0,0,0,145155020,1685714371825860608
652,325,0.01,347,301,0,0,0,145047795,1685714370309151488
653,325,0.01,291,313,0,0,0,145010168,1685714370178635776
654,325,0.01,291,313,0,0,0,144779730,1685714367363859968
655,325,0.01,291,313,0,0,0,144234818,1685714361706971904
656,325,0.01,291,313,0,0,0,143627347,1685714353927368448
657,325,0.01,291,313,0,0,0,141978066,1685714334714745088
658,325,0.01,347,313,0,0,0,141889907,1685714334193579520
659,325,0.01,347,304,0,0,0,140756418,1685714319782309888
660,325,0.01,347,301,0,0,0,140032971,1685714309868135424
661,325,0.01,291,313,0,0,0,138585063,1685714295776541696
662,325,0.01,347,313,0,0,0,138243995,1685714292127291904
663,325,0.01,347,313,0,0,0,138149661,1685714291570919424
664,325,0.01,291,313,0,0,0,135536680,1685714257389366016
665,325,0.01,347,313,0,0,0,134397763,1685714242692815616
666,322,0.01,348,309,0,0,0,133000406,1685714223446727936
667,325,0.01,347,301,0,0,0,131375236,1685714184308934144
668,325,0.01,291,313,0,0,0,131172445,1685714181705702400
669,325,0.01,291,313,0,0,0,129636928,1685714152467335424
670,325,0.01,347,313,0,0,0,128207376,1685714127271696128
671,325,0.01,291,301,0,0,0,126987027,1685714110371084032
672,325,0.01,250,319,0,0,0,125554139,1685714090749855488
673,325,0.01,347,300,0,0,0,125015988,1685714079649909760
674,325,0.01,347,300,0,0,0,123025219,1685714054066464512
675,325,0.01,347,301,0,0,0,122482267,1685714046197631744
676,325,0.01,347,301,0,0,0,122108022,1685714042309382656
677,325,0.01,347,302,0,0,0,121622277,1685714036175125504
678,325,0.01,347,309,0,0,0,120104685,1685714008043031808
679,325,0.01,291,300,0,0,0,120037595,1685714007607153152
680,325,0.01,347,309,0,0,0,118832100,1685713987316363008
681,325,0.01,291,301,0,0,0,118801796,1685713987166390272
682,325,0.01,291,309,0,0,0,118595935,1685713984617647616
683,325,0.01,347,313,0,0,0,118136685,1685713978930785792
684,325,0.01,347,313,0,0,0,118016470,1685713977412465664
685,325,0.01,291,313,0,0,0,117034996,1685713968913521920
686,325,0.01,347,301,0,0,0,116937957,1685713966595065088
687,325,0.01,291,303,0,0,0,115484770,1685713952498287360
688,325,0.01,291,307,0,0,0,114537752,1685713934906601472
689,325,0.01,347,313,0,0,0,113957433,1685713928756506368
690,325,0.01,291,313,0,0,0,113527931,1685713922286545408
691,325,0.01,347,301,0,0,0,113129254,1685713916823557376
692,325,0.01,347,301,0,0,0,112856178,1685713912184457728
693,325,0.01,291,313,0,0,0,112829996,1685713912045747968
694,325,0.01,347,313,0,0,0,112598688,1685713908850918912
695,325,0.01,347,301,0,0,0,111516597,1685713892259695616
696,325,0.01,347,309,0,0,0,110034614,1685713873054195456
697,325,0.01,347,309,0,0,0,109835472,1685713871729151744
698,325,0.01,347,313,0,0,0,109728892,1685713870896864512
699,325,0.01,291,313,0,0,0,109296618,1685713865326944512
700,325,0.01,291,301,0,0,0,109037839,1685713860284111616
701,325,0.01,347,313,0,0,0,108883414,1685713857986365184
702,325,0.01,291,309,0,0,0,108222068,1685713850101504512
703,325,0.01,291,319,0,0,0,108046957,1685713848965907200
704,325,0.01,347,313,0,0,0,107476227,1685713842585494016
705,325,0.01,291,301,0,0,0,106313440,1685713828136406272
706,325,0.01,291,313,0,0,0,105962236,1685713824942600960
707,325,0.01,291,313,0,0,0,104303266,1685713801985001728
708,322,0.01,360,301,0,0,0,103261913,1685713789993169664
709,325,0.01,291,313,0,0,0,103247000,1685713789894420736
710,325,0.01,347,303,0,0,0,102849205,1685713786985009152
711,325,0.01,291,313,0,0,0,102283994,1685713781949295616
712,325,0.01,347,301,0,0,0,101168852,1685713765612448512
713,325,0.01,291,313,0,0,0,101142924,1685713765488875264
714,325,0.01,347,313,0,0,0,99558228,1685713746067121408
715,325,0.01,291,313,0,0,0,99168337,1685713741186112000
716,325,0.01,347,313,0,0,0,97934632,1685713718628718336
717,325,0.01,347,301,0,0,0,97509403,1685713713951464192
718,325,0.01,291,313,0,0,0,97482203,1685713713839827456
719,325,0.01,291,313,0,0,0,97224406,1685713711331757056
720,325,0.01,291,313,0,0,0,97091909,1685713710236313088
721,325,0.01,347,301,0,0,0,94290966,1685713678284782336
722,325,0.01,291,302,0,0,0,92269593,1685713650453417984
723,325,0.01,291,313,0,0,0,91936266,1685713647045601536
724,325,0.01,347,313,0,0,0,91670924,1685713643407311360
725,325,0.01,347,313,0,0,0,91381407,1685713638963051776
726,325,0.01,347,313,0,0,0,91099483,1685713636689351936
727,325,0.01,347,313,0,0,0,91062387,1685713636453328640
728,325,0.01,291,313,0,0,0,90685500,1685713632713687552
729,325,0.01,347,313,0,0,0,90518531,1685713631343472128
730,325,0.01,347,313,0,0,0,89948999,1685713627525136640
731,325,0.01,291,313,0,0,0,89444362,1685713622962674944
732,325,0.01,291,313,0,0,0,88528291,1685713614825354496
733,325,0.01,291,300,0,0,0,88392463,1685713613556933632
734,325,0.01,347,322,0,0,0,88191265,1685713611758858752
735,325,0.01,347,301,0,0,0,87896690,1685713609437298176
736,325,0.01,291,301,0,0,0,87486408,1685713604978518016
737,325,0.01,347,313,0,0,0,85975732,1685713590398513152
738,325,0.01,291,313,0,0,0,85809086,1685713589135584000
739,325,0.01,291,319,0,0,0,84972617,1685713576334089472
740,325,0.01,291,322,0,0,0,84033611,1685713562281927168
741,325,0.01,347,313,0,0,0,83222186,1685713553275441664
742,325,0.01,347,313,0,0,0,82840694,1685713550511854848
743,325,0.01,347,301,0,0,0,82123473,1685713542253058048
744,325,0.01,291,313,0,0,0,81168303,1685713529705509120
745,325,0.01,291,313,0,0,0,78451197,1685713492503508480
746,325,0.01,291,312,0,0,0,77174463,1685713476211169536
747,325,0.01,291,313,0,0,0,76358546,1685713463836256256
748,325,0.01,319,301,0,0,0,75773780,1685713458280628992
749,325,0.01,291,313,0,0,0,75498914,1685713456234161152
750,325,0.01,291,322,0,0,0,74335668,1685713443455336192
751,325,0.01,291,312,0,0,0,72483518,1685713418187665920
752,325,0.01,291,303,0,0,0,71911542,1685713408457935616
753,325,0.01,319,301,0,0,0,71858280,1685713407925878784
754,325,0.01,291,316,0,0,0,71819870,1685713407702997760
755,325,0.01,291,313,0,0,0,71610439,1685713402740122368
756,325,0.01,319,313,0,0,0,70691603,1685713388125431552
757,325,0.01,291,313,0,0,0,70580723,1685713387359086336
758,325,0.01,291,313,0,0,0,70412328,1685713385994903808
759,325,0.01,291,309,0,0,0,69977315,1685713380577057536
760,325,0.01,319,313,0,0,0,69649365,1685713376217400832
761,325,0.01,291,312,0,0,0,68896753,1685713367110738944
762,325,0.01,291,313,0,0,0,68617506,1685713364491786496
763,325,0.01,291,302,0,0,0,68055827,1685713359054757376
764,325,0.01,319,313,0,0,0,67801796,1685713356478590208
765,325,0.01,291,313,0,0,0,67487440,1685713353451172608
766,325,0.01,319,313,0,0,0,67293472,1685713352086114560
767,325,0.01,291,319,0,0,0,67078538,1685713350151138048
768,325,0.01,291,313,0,0,0,66418781,1685713343618682112
769,325,0.01,319,312,0,0,0,62837528,1685713303990550016
770,325,0.01,319,309,0,0,0,62685803,1685713302153898496
771,325,0.01,291,301,0,0,0,60881438,1685713275760526336
772,325,0.01,319,312,0,0,0,60018299,1685713261957595392
773,325,0.01,291,312,0,0,0,58919703,1685713249640805888
774,325,0.01,319,313,0,0,0,58301098,1685713240134960128
775,325,0.01,319,313,0,0,0,58187085,1685713238283651840
776,325,0.01,319,308,0,0,0,57518168,1685713228362308096
777,325,0.01,291,300,0,0,0,57481402,1685713228213844480
778,325,0.01,319,313,0,0,0,55396986,1685713203954586624
779,325,0.01,291,304,0,0,0,55131364,1685713201348968704
780,325,0.01,319,313,0,0,0,54869949,1685713198452806912
781,325,0.01,319,312,0,0,0,54659371,1685713195119252992
782,325,0.01,291,313,0,0,0,54610824,1685713194907294464
783,325,0.01,319,312,0,0,0,54269232,1685713190313426688
784,325,0.01,291,313,0,0,0,52743846,1685713164104920320
785,325,0.01,319,309,0,0,0,52384486,1685713157786429696
786,325,0.01,291,313,0,0,0,52169032,1685713155589750016
787,325,0.01,319,313,0,0,0,52039700,1685713153233720576
788,325,0.01,291,313,0,0,0,51971812,1685713152939229184
789,325,0.01,319,301,0,0,0,51719190,1685713148687269376
790,325,0.01,319,313,0,0,0,51383253,1685713144777159424
791,325,0.01,291,322,0,0,0,51340912,1685713144458931200
792,325,0.01,319,322,0,0,0,51296126,1685713144067755008
793,325,0.01,291,313,0,0,0,51258686,1685713143916380160
794,325,0.01,319,301,0,0,0,51157725,1685713142562473472
795,325,0.01,291,313,0,0,0,51132494,1685713142420635648
796,325,0.01,319,301,0,0,0,50732815,1685713136659992576
797,325,0.01,319,313,0,0,0,50567598,1685713134509121280
798,325,0.01,291,313,0,0,0,50539049,1685713134376230144
799,325,0.01,319,313,0,0,0,50317247,1685713131948161280
800,325,0.01,291,313,0,0,0,49875843,1685713127779832064
801,325,0.01,291,313,0,0,0,49078603,1685713116541395456
802,325,0.01,319,313,0,0,0,48903263,1685713114060363776
803,325,0.01,319,313,0,0,0,48347020,1685713107615054080
804,325,0.01,291,301,0,0,0,48107246,1685713104013421056
805,325,0.01,319,313,0,0,0,47586623,1685713097424180480
806,325,0.01,319,309,0,0,0,47502253,1685713096732785664
807,325,0.01,319,323,0,0,0,47251168,1685713094227600896
808,325,0.01,291,313,0,0,0,47054990,1685713093241728512
809,325,0.01,319,301,0,0,0,47011715,1685713092523595776
810,325,0.01,319,313,0,0,0,46732664,1685713090634046208
811,325,0.01,291,313,0,0,0,46442657,1685713087601406720
812,325,0.01,319,301,0,0,0,46241260,1685713084071857152
813,325,0.01,319,313,0,0,0,45967393,1685713081679249152
814,325,0.01,319,313,0,0,0,44539258,1685713061328058880
815,325,0.01,319,313,0,0,0,44202656,1685713056405922048
816,325,0.01,319,313,0,0,0,43248493,1685713045610054912
817,325,0.01,291,313,0,0,0,43217740,1685713045460958464
818,325,0.01,291,313,0,0,0,41864970,1685713030667467264
819,325,0.01,319,301,0,0,0,40681314,1685713011525940224
820,325,0.01,291,313,0,0,0,40650071,1685713011379291392
821,325,0.01,319,313,0,0,0,40380716,1685713007224120832
822,325,0.01,291,309,0,0,0,39147663,1685712995273616896
823,325,0.01,291,313,0,0,0,38149511,1685712985359760640
824,325,0.01,319,313,0,0,0,36857697,1685712972222549504
825,325,0.01,291,309,0,0,0,36421204,1685712968322916352
826,325,0.01,319,301,0,0,0,36238295,1685712965916631296
827,325,0.01,319,313,0,0,0,36029431,1685712964658350336
828,325,0.01,319,301,0,0,0,34805725,1685712953768386048
829,325,0.01,319,313,0,0,0,34277633,1685712948247730176
830,325,0.01,291,313,0,0,0,33967550,1685712945395043072
831,325,0.01,291,309,0,0,0,33861298,1685712943975509504
832,325,0.01,319,301,0,0,0,32637622,1685712925334009088
833,325,0.01,291,313,0,0,0,29328360,1685712888276325376
834,325,0.01,291,319,0,0,0,22783272,1685712819414308608
835,325,0.01,291,313,0,0,0,22216337,1685712814718496256
836,325,0.01,291,309,0,0,0,21690218,1685712811001676544
837,325,0.01,319,313,0,0,0,20382226,1685712800919784192
838,325,0.01,319,313,0,0,0,19644313,1685712796273129984
839,325,0.01,319,309,0,0,0,19541775,1685712795677521920
840,325,0.01,319,313,0,0,0,13718743,1685712745094128896
841,325,0.01,319,313,0,0,0,13567151,1685712744050624256
842,325,0.01,319,312,0,0,0,13397190,1685712743091516416
843,325,0.01,291,313,0,0,0,13345451,1685712742914481408
844,325,0.01,319,309,0,0,0,13084359,1685712740815653120
845,325,0.01,291,313,0,0,0,12764028,1685712737746670336
846,325,0.01,319,309,0,0,0,12275207,1685712732770760192
847,325,0.01,319,313,0,0,0,12123360,1685712731377582336
848,325,0.01,319,313,0,0,0,12023177,1685712730640756480
849,325,0.01,319,313,0,0,0,11873031,1685712729118703616
850,325,0.01,319,313,0,0,0,11378436,1685712725360107264
851,325,0.01,319,313,0,0,0,9878859,1685712709895007488
852,325,0.01,319,313,0,0,0,9607187,1685712707676425472
853,325,0.01,319,313,0,0,0,8742683,1685712699445482752
854,325,0.01,319,309,0,0,0,6868986,1685712681142400768
855,325,0.01,319,313,0,0,0,6070136,1685712672235049216
856,325,0.01,291,313,0,0,0,4692985,1685712659668824064
857,325,0.01,291,313,0,0,0,4463608,1685712655606324224
858,325,0.01,319,308,0,0,0,3286079,1685712642140109312
859,325,0.01,291,319,0,0,0,3101346,1685712640066884352
860,325,0.01,291,308,0,0,0,637190,1685712611126663424
861,323,20.0,13,323,0,0,0,37620,1685712600411528448
862,323,1.5,10,323,0,0,0,36543,1685712600305786624
863,323,0.02,17,323,0,0,0,36028,1685712600274647552
864,325,0.01,346,323,0,0,0,726101986,1685649579624058624
865,325,0.01,353,315,0,0,0,724997242,1685649524401342464
866,325,0.01,250,315,0,0,0,720918015,1685649300131550464
867,325,0.01,250,315,0,0,0,720384303,1685649290120161792
868,325,0.01,295,313,0,0,0,720003268,1685649284253214464
869,322,0.01,376,300,0,0,0,719846129,1685649280720113920
870,325,0.01,349,322,0,0,0,719844490,1685649280710004736
871,325,0.01,295,309,0,0,0,719816373,1685649280585850368
872,325,0.01,304,301,0,0,0,718990442,1685649248498584064
873,325,0.01,250,315,0,0,0,718966212,1685649248385053696
874,325,0.01,349,300,0,0,0,718028733,1685649210289887744
875,325,0.01,349,313,0,0,0,715336730,1685649074226212608
876,325,0.01,295,302,0,0,0,714757389,1685649056919193088
877,325,0.01,304,313,0,0,0,714419457,1685649046858124288
878,325,0.01,250,315,0,0,0,714387384,1685649046696769280
879,325,0.01,304,322,0,0,0,714300394,1685649044283503616
880,325,0.01,304,322,0,0,0,714083418,1685649038821522176
881,325,0.01,250,301,0,0,0,714070050,1685649038715410432
882,313,0.01,258,313,0,0,0,714068057,1685649038693672960
883,325,0.01,349,302,0,0,0,713031559,1685649006997417728
884,325,0.01,295,323,0,0,0,710437122,1685648914219004928
885,322,0.01,462,308,0,0,0,709715153,1685648872855056640
886,325,0.01,379,323,0,0,0,708326063,1685648799399984128
887,322,0.01,493,301,0,0,0,706812901,1685648752575753984
888,325,0.01,379,302,0,0,0,706393105,1685648741834694656
889,325,0.01,343,315,0,0,0,706130758,1685648732485990400
890,325,0.01,371,301,0,0,0,704632323,1685648667024258048
891,325,0.01,349,308,0,0,0,704016815,1685648648140102912
892,325,0.01,368,323,0,0,0,703733423,1685648640524440064
893,313,0.01,384,301,0,0,0,703248591,1685648623021426688
894,325,0.01,349,323,0,0,0,701794633,1685648575179623168
895,325,0.01,360,315,0,0,0,701754646,1685648574998637056
896,325,0.01,414,304,0,0,0,697969242,1685648386708164352
897,325,0.01,414,302,0,0,0,697871220,1685648383286766592
898,322,0.01,538,302,0,0,0,697568087,1685648365878648064
899,303,0.01,381,322,0,0,0,697562239,1685648365849068288
900,325,0.01,332,301,0,0,0,697284605,1685648356930309632
901,325,0.01,414,301,0,0,0,695435350,1685648302340590848
902,322,0.01,534,302,0,0,0,693352460,1685648223756184832
903,325,0.01,332,315,0,0,0,693337689,1685648223655078144
904,322,0.01,538,313,0,0,0,692416049,1685648189078702848
905,325,0.01,323,315,0,0,0,690933998,1685648129039762688
906,313,0.01,330,302,0,0,0,690495224,1685648112666269952
907,313,0.01,330,301,0,0,0,690273825,1685648106415250432
908,325,0.01,332,300,0,0,0,689387696,1685648085963908096
909,325,0.01,360,302,0,0,0,689223283,1685648079782504960
910,322,0.01,538,301,0,0,0,689150887,1685648077469395968
911,325,0.01,360,323,0,0,0,689132741,1685648077375848192
912,325,0.01,332,323,0,0,0,688813737,1685648066216564480
913,325,0.01,414,300,0,0,0,687710507,1685648029315099392
914,322,0.01,418,308,0,0,0,687350253,1685648014036058112
915,322,0.01,526,301,0,0,0,686477367,1685647998497170176
916,325,0.01,332,308,0,0,0,686108277,1685647995522669312
917,325,0.01,332,315,0,0,0,685254583,1685647972398331648
918,313,0.01,333,313,0,0,0,685244392,1685647972357409280
919,322,0.01,534,325,0,0,0,684669438,1685647960498765568
920,325,0.01,332,302,0,0,0,684648042,1685647960391702528
921,325,0.01,332,309,0,0,0,684522246,1685647958172661504
922,325,0.01,332,301,0,0,0,684466276,1685647957573425920
923,322,0.01,480,303,0,0,0,683994737,1685647940604657664
924,313,0.01,365,301,0,0,0,683564497,1685647928459600640
925,325,0.01,295,308,0,0,0,680152735,1685647808381700096
926,322,0.01,354,309,0,0,0,678815792,1685647759513230848
927,313,0.01,303,301,0,0,0,678684788,1685647756583119104
928,325,0.01,335,323,0,0,0,678173528,1685647737807916032
929,322,0.01,370,301,0,0,0,678008224,1685647731420049152
930,325,0.01,295,315,0,0,0,677989605,1685647731326802176
931,325,0.01,388,323,0,0,0,676679841,1685647687304141312
932,325,0.01,388,300,0,0,0,673721036,1685647588508434176
933,325,0.01,388,315,0,0,0,673034655,1685647561681766912
934,325,0.01,388,323,0,0,0,672516710,1685647539604038144
935,322,0.01,394,323,0,0,0,671847728,1685647516922887168
936,313,0.01,362,309,0,0,0,668517376,1685647425534281472
937,322,0.01,608,302,0,0,0,667916343,1685647414047120128
938,313,0.01,362,323,0,0,0,667898405,1685647413972973312
939,313,0.01,410,308,0,0,0,666375548,1685647356233733888
940,325,0.01,388,300,0,0,0,662843765,1685647206083842304
941,325,0.01,442,323,0,0,0,661769587,1685647137260945664
942,313,0.01,410,301,0,0,0,661286872,1685647115740979712
943,322,0.01,483,304,0,0,0,658757869,1685646958725738752
944,313,0.01,317,309,0,0,0,657857636,1685646913686221056
945,325,0.01,402,301,0,0,0,654510424,1685646714449676544
946,325,0.01,388,323,0,0,0,654292616,1685646705437683200
947,322,0.01,485,302,0,0,0,653108202,1685646667675228416
948,322,0.01,480,300,0,0,0,651965670,1685646627357041152
949,325,0.01,348,309,0,0,0,650728437,1685646603129819392
950,322,0.01,612,313,0,0,0,650478638,1685646598156042752
951,313,0.01,317,313,0,0,0,649411324,1685646565074069504
952,325,0.01,348,315,0,0,0,649389825,1685646564968863232
953,325,0.01,349,300,0,0,0,640388924,1685646124627684864
954,325,0.01,343,303,0,0,0,636634877,1685645976029151232
955,325,0.01,379,309,0,0,0,635540026,1685645923045689600
956,325,0.01,343,301,0,0,0,624162115,1685645345679054080
957,313,0.01,352,323,0,0,0,622813238,1685645285389268224
958,313,0.01,352,301,0,0,0,621714627,1685645237004549120
959,325,0.01,379,300,0,0,0,621196418,1685645217347816192
960,325,0.01,379,301,0,0,0,618885882,1685645090212868096
961,325,0.01,349,300,0,0,0,618575215,1685645070686303744
962,325,0.01,379,323,0,0,0,616641821,1685644991821236480
963,325,0.01,295,304,0,0,0,616088018,1685644974562582784
964,325,0.01,379,313,0,0,0,615288211,1685644947146644224
965,325,0.01,349,304,0,0,0,614575627,1685644930542450944
966,325,0.01,355,315,0,0,0,613078343,1685644843881290496
967,325,0.01,295,315,0,0,0,612572534,1685644829848448768
968,313,0.01,423,313,0,0,0,612554132,1685644829789163264
969,325,0.01,400,309,0,0,0,610739811,1685644707838936064
970,325,0.01,400,323,0,0,0,607798841,1685644564202958336
971,303,0.01,310,300,0,0,0,604641144,1685644352269823744
972,325,0.01,355,315,0,0,0,600370286,1685644068013987328
973,313,0.01,423,313,0,0,0,600366101,1685644067990907904
974,325,0.01,454,309,0,0,0,595231504,1685643759412950784
975,313,0.01,375,309,0,0,0,594195930,1685643706307179776
976,322,0.01,522,315,0,0,0,593132159,1685643664617630720
977,325,0.01,349,309,0,0,0,592351424,1685643648832088576
978,325,0.01,400,315,0,0,0,592271872,1685643648452353024
979,325,0.01,400,323,0,0,0,591623057,1685643623954740480
980,325,0.01,454,323,0,0,0,591288163,1685643610296326400
981,325,0.01,295,315,0,0,0,591082422,1685643603758847744
982,325,0.01,340,309,0,0,0,587821496,1685643468293117184
983,313,0.01,354,315,0,0,0,587748043,1685643467970669312
984,322,0.01,511,302,0,0,0,587720267,1685643467862883328
985,313,0.01,402,301,0,0,0,586834211,1685643427067694080
986,325,0.01,400,323,0,0,0,581077200,1685643171110633472
987,325,0.01,409,301,0,0,0,580655980,1685643157890152448
988,325,0.01,355,315,0,0,0,580633819,1685643157793522432
989,313,0.01,423,325,0,0,0,580502301,1685643154108018944
990,313,0.01,375,315,0,0,0,580476818,1685643154000136960
991,303,0.01,404,319,0,0,0,579904730,1685643124168009728
992,322,0.01,398,300,0,0,0,578537740,1685643061623504128
993,325,0.01,349,304,0,0,0,577012770,1685642999089903360
994,325,0.01,400,323,0,0,0,576208234,1685642966188820736
995,313,0.01,375,315,0,0,0,575291210,1685642942714857216
996,313,0.01,423,323,0,0,0,574965459,1685642925129232128
997,325,0.01,349,309,0,0,0,574649007,1685642915122886400
998,325,0.01,355,301,0,0,0,572214361,1685642790583303168
999,313,0.01,330,308,0,0,0,571297142,1685642769337657600
1000,322,0.01,509,304,0,0,0,570650298,1685642725356256768
1001,325,0.01,355,315,0,0,0,570156484,1685642693126940416
1002,313,0.01,402,304,0,0,0,570151685,1685642693106437376
1003,325,0.01,400,323,0,0,0,569238758,1685642650820152832
1004,313,0.01,354,309,0,0,0,568473780,1685642625653236480
1005,325,0.01,355,308,0,0,0,565089940,1685642446762555136
1006,322,0.01,499,304,0,0,0,563971588,1685642391657338624
1007,313,0.01,423,323,0,0,0,563654948,1685642375629026304
1008,325,0.01,400,323,0,0,0,562730026,1685642317577608448
1009,322,0.01,380,307,0,0,0,562599729,1685642309324284672
1010,325,0.01,400,323,0,0,0,559855785,1685642175562195712
1011,313,0.01,423,304,0,0,0,559848858,1685642175512257536
1012,325,0.01,343,300,0,0,0,554481743,1685641837360716288
1013,325,0.01,331,315,0,0,0,554452959,1685641837234359552
1014,313,0.01,352,301,0,0,0,554042284,1685641816597408256
1015,325,0.01,343,315,0,0,0,552399616,1685641721745323264
1016,325,0.01,379,323,0,0,0,551532647,1685641683187223040
1017,325,0.01,379,323,0,0,0,550726836,1685641649533189120
1018,325,0.01,397,301,0,0,0,550383939,1685641630409297408
1019,322,0.01,511,301,0,0,0,547748532,1685641502750438144
1020,325,0.01,400,300,0,0,0,544449409,1685641360104608768
1021,322,0.01,511,308,0,0,0,539774456,1685641029347025920
1022,325,0.01,400,323,0,0,0,539606759,1685641024432321280
1023,313,0.01,375,323,0,0,0,537839206,1685640916441055488
1024,325,0.01,454,304,0,0,0,536003962,1685640775980879872
1025,322,0.01,511,303,0,0,0,535881667,1685640762042366208
1026,325,0.01,454,319,0,0,0,535501694,1685640738298208512
1027,325,0.01,454,304,0,0,0,532562649,1685640601921616384
1028,303,0.01,410,323,0,0,0,531400773,1685640537771776512
1029,325,0.01,349,309,0,0,0,530161796,1685640497738072576
1030,325,0.01,355,309,0,0,0,530003516,1685640495028696064
1031,325,0.01,349,309,0,0,0,529737575,1685640491135824384
1032,325,0.01,349,304,0,0,0,529650853,1685640490772674560
1033,325,0.01,400,301,0,0,0,529252683,1685640473052961280
1034,325,0.01,400,323,0,0,0,529107386,1685640467307215872
1035,325,0.01,400,323,0,0,0,527461884,1685640392155562752
1036,322,0.01,508,319,0,0,0,523472686,1685640238692263680
1037,313,0.01,375,323,0,0,0,521629238,1685640159393541632
1038,313,0.01,423,301,0,0,0,519791433,1685640096077653760
1039,325,0.01,400,315,0,0,0,519766919,1685640095979559936
1040,322,0.01,511,302,0,0,0,519723578,1685640094159202304
1041,313,0.01,375,323,0,0,0,518091609,1685640034727219712
1042,325,0.01,355,323,0,0,0,517021667,1685639950066357248
1043,322,0.01,505,302,0,0,0,516604418,1685639930858825728
1044,322,0.01,461,308,0,0,0,515070817,1685639831321691904
1045,325,0.01,400,300,0,0,0,511330264,1685639580416181760
1046,322,0.01,511,315,0,0,0,511255255,1685639576687252736
1047,325,0.01,295,315,0,0,0,510061989,1685639485087592192
1048,322,0.01,506,315,0,0,0,509534694,1685639460601518848
1049,322,0.01,396,302,0,0,0,508159558,1685639379059364608
1050,325,0.01,454,304,0,0,0,507877054,1685639354820067584
1051,325,0.01,295,315,0,0,0,507758722,1685639348586918144
1052,313,0.01,423,301,0,0,0,507746236,1685639348537104384
1053,322,0.01,526,319,0,0,0,505577852,1685639210077418752
1054,322,0.01,511,300,0,0,0,505161919,1685639174495841536
1055,325,0.01,394,302,0,0,0,494919736,1685638699354171136
1056,325,0.01,394,307,0,0,0,494529040,1685638680914840064
1057,325,0.01,349,309,0,0,0,491288030,1685638526854961920
1058,325,0.01,349,300,0,0,0,489918242,1685638470290585856
1059,325,0.01,394,308,0,0,0,488622799,1685638408536867584
1060,325,0.01,349,300,0,0,0,484879584,1685638234147958016
1061,325,0.01,349,313,0,0,0,483475378,1685638158491630592
1062,325,0.01,349,301,0,0,0,483432211,1685638158282923776
1063,322,0.01,360,323,0,0,0,483373993,1685638157689316096
1064,325,0.01,340,308,0,0,0,482654878,1685638120604534016
1065,303,0.01,359,322,0,0,0,480209712,1685638007220929536
1066,303,0.01,353,304,0,0,0,469215600,1685637536962368000
1067,325,0.01,349,313,0,0,0,464167110,1685637345584047616
1068,325,0.01,349,316,0,0,0,461790402,1685637272400450304
1069,325,0.01,349,316,0,0,0,456637456,1685637103326590208
1070,325,0.01,349,303,0,0,0,455925992,1685637086464297984
1071,325,0.01,349,309,0,0,0,455752591,1685637082036741888
1072,325,0.01,349,301,0,0,0,455527366,1685637077648852736
1073,325,0.01,349,309,0,0,0,455193333,1685637071648091392
1074,325,0.01,295,301,0,0,0,454916093,1685637064845720320
1075,325,0.01,349,313,0,0,0,454714958,1685637058304455168
1076,325,0.01,349,323,0,0,0,451590520,1685636946615297280
1077,325,0.01,349,301,0,0,0,449768902,1685636900495169024
1078,325,0.01,340,313,0,0,0,438924050,1685636545636405504
1079,325,0.01,349,300,0,0,0,438595981,1685636536193640704
1080,325,0.01,340,304,0,0,0,438197230,1685636530686536960
1081,325,0.01,340,313,0,0,0,437879352,1685636525045584640
1082,325,0.01,295,313,0,0,0,437632456,1685636517129688576
1083,325,0.01,340,323,0,0,0,437302189,1685636507550652672
1084,325,0.01,349,313,0,0,0,436769816,1685636502736505088
1085,325,0.01,349,301,0,0,0,433388356,1685636401500681216
1086,325,0.01,340,300,0,0,0,432858830,1685636384514152704
1087,325,0.01,394,300,0,0,0,425737350,1685636100192390912
1088,325,0.01,394,304,0,0,0,424338207,1685636035293630464
1089,325,0.01,250,309,0,0,0,419470012,1685635831508960000
1090,313,0.01,375,300,0,0,0,417095709,1685635682635092992
1091,322,0.01,511,300,0,0,0,416630751,1685635650596036352
1092,325,0.01,400,323,0,0,0,416146880,1685635625520528896
1093,325,0.01,349,313,0,0,0,413911369,1685635511195601408
1094,325,0.01,355,307,0,0,0,413528652,1685635503164856576
1095,325,0.01,454,300,0,0,0,412537920,1685635449745603584
1096,325,0.01,394,301,0,0,0,410352511,1685635384991518208
1097,325,0.01,349,301,0,0,0,407415507,1685635317807351040
1098,325,0.01,394,301,0,0,0,407357669,1685635317558355712
1099,303,0.01,480,303,0,0,0,407357410,1685635317558062592
1100,322,0.01,508,308,0,0,0,405904682,1685635268453514240
1101,313,0.01,375,323,0,0,0,402799914,1685635147101418496
1102,322,0.01,512,302,0,0,0,401906539,1685635093890096384
1103,325,0.01,400,301,0,0,0,401698973,1685635082586246144
1104,322,0.01,518,301,0,0,0,400969686,1685635039173547520
1105,325,0.01,340,313,0,0,0,400699820,1685635030102985216
1106,325,0.01,400,301,0,0,0,398217806,1685634915575364864
1107,325,0.01,355,319,0,0,0,396447675,1685634840769301504
1108,325,0.01,454,301,0,0,0,393954442,1685634727299592960
1109,325,0.01,295,315,0,0,0,393333701,1685634712671109888
1110,313,0.01,375,323,0,0,0,389635608,1685634515686203648
1111,313,0.01,375,301,0,0,0,388570094,1685634470057094144
1112,325,0.01,349,300,0,0,0,384439881,1685634305329334528
1113,322,0.01,512,313,0,0,0,384308363,1685634299984476928
1114,325,0.01,349,301,0,0,0,383085793,1685634265888422656
1115,322,0.01,646,301,0,0,0,380821639,1685634160354305536
1116,313,0.01,375,315,0,0,0,380805985,1685634160290518272
1117,313,0.01,375,315,0,0,0,378961632,1685634087596640256
1118,322,0.01,512,304,0,0,0,378319110,1685634073478446848
1119,322,0.01,644,315,0,0,0,378124018,1685634065680491776
1120,325,0.01,409,301,0,0,0,377970455,1685634061153592320
1121,325,0.01,355,301,0,0,0,377767802,1685634056241905152
1122,325,0.01,454,323,0,0,0,377758322,1685634056227090176
1123,325,0.01,295,315,0,0,0,376485812,1685634012190430208
1124,325,0.01,295,315,0,0,0,375407173,1685633979190140928
1125,325,0.01,355,323,0,0,0,374990355,1685633969509851904
1126,325,0.01,409,301,0,0,0,374665722,1685633960805732096
1127,325,0.01,454,313,0,0,0,373710343,1685633939725810944
1128,325,0.01,295,316,0,0,0,372480430,1685633919336586240
1129,322,0.01,518,308,0,0,0,372441800,1685633919131152640
1130,325,0.01,409,313,0,0,0,371804892,1685633912834639616
1131,325,0.01,355,309,0,0,0,371771118,1685633912676443392
1132,325,0.01,409,303,0,0,0,371674089,1685633911675173120
1133,325,0.01,355,301,0,0,0,371651739,1685633911555704320
1134,325,0.01,454,309,0,0,0,371619461,1685633910992889856
1135,325,0.01,409,304,0,0,0,371379244,1685633909010692096
1136,322,0.01,482,323,0,0,0,371258156,1685633908426681088
1137,325,0.01,409,300,0,0,0,371230075,1685633908305021440
1138,325,0.01,409,313,0,0,0,371091587,1685633907063481856
1139,313,0.01,330,309,0,0,0,370826711,1685633905842094080
1140,325,0.01,295,308,0,0,0,370620368,1685633900318313984
1141,325,0.01,409,313,0,0,0,370611551,1685633900295374592
1142,325,0.01,355,315,0,0,0,370431734,1685633895830774528
1143,313,0.01,330,309,0,0,0,369307318,1685633858798059264
1144,313,0.01,330,301,0,0,0,369164635,1685633857306884096
1145,325,0.01,349,300,0,0,0,368359800,1685633837789623808
1146,325,0.01,295,309,0,0,0,368315944,1685633837613494528
1147,325,0.01,355,315,0,0,0,364725409,1685633707421613056
1148,322,0.01,509,302,0,0,0,362478260,1685633631549954816
1149,325,0.01,400,301,0,0,0,360183649,1685633537404396800
1150,325,0.01,400,309,0,0,0,358896417,1685633492654219776
1151,313,0.01,375,323,0,0,0,358731420,1685633488057354240
1152,325,0.01,409,300,0,0,0,353348210,1685633265097405184
1153,303,0.01,440,303,0,0,0,353347181,1685633265090216960
1154,322,0.01,508,300,0,0,0,352305203,1685633226109408512
1155,313,0.01,423,315,0,0,0,351533294,1685633194284210688
1156,313,0.01,375,323,0,0,0,351022791,1685633171604940800
1157,325,0.01,454,302,0,0,0,349967313,1685633127376355584
1158,325,0.01,409,300,0,0,0,349679643,1685633114921243392
1159,322,0.01,532,308,0,0,0,347779472,1685633047784660992
1160,325,0.01,400,301,0,0,0,346923050,1685633016822952704
1161,325,0.01,355,315,0,0,0,344966631,1685632950852590336
1162,325,0.01,400,323,0,0,0,344663941,1685632938982121984
1163,313,0.01,402,313,0,0,0,344661069,1685632938973322240
1164,325,0.01,355,315,0,0,0,343294237,1685632902445000448
1165,325,0.01,400,313,0,0,0,343232994,1685632901412151040
1166,325,0.01,355,323,0,0,0,341927813,1685632870695920896
1167,325,0.01,355,307,0,0,0,341759109,1685632869282083072
1168,322,0.01,626,301,0,0,0,341507507,1685632864898997248
1169,325,0.01,355,315,0,0,0,341384039,1685632864261089024
1170,325,0.01,355,309,0,0,0,340041826,1685632835594307072
1171,325,0.01,355,300,0,0,0,339726045,1685632827637465856
1172,322,0.01,516,302,0,0,0,337517848,1685632796227111168
1173,325,0.01,400,313,0,0,0,337230133,1685632792393748224
1174,325,0.01,400,301,0,0,0,336993369,1685632786092789760
1175,325,0.01,409,322,0,0,0,336311842,1685632767324160256
1176,313,0.01,378,308,0,0,0,335383226,1685632741308124416
1177,325,0.01,295,301,0,0,0,334775568,1685632726267466752
1178,325,0.01,349,301,0,0,0,334581775,1685632724137174016
1179,313,0.01,375,315,0,0,0,334545098,1685632723972927488
1180,322,0.01,505,316,0,0,0,334326994,1685632715689431040
1181,313,0.01,375,323,0,0,0,333683138,1685632700725707008
1182,325,0.01,349,304,0,0,0,329361926,1685632564155787264
1183,325,0.01,295,309,0,0,0,329350480,1685632564091634688
1184,313,0.01,375,315,0,0,0,329033952,1685632557231902720
1185,325,0.01,349,303,0,0,0,328094143,1685632537676472576
1186,325,0.01,355,315,0,0,0,328056640,1685632537532054272
1187,313,0.01,375,309,0,0,0,327877438,1685632533873734144
1188,313,0.01,375,323,0,0,0,327507551,1685632524627614976
1189,325,0.01,355,323,0,0,0,326171101,1685632486863868928
1190,325,0.01,400,313,0,0,0,326168081,1685632486855309312
1191,322,0.01,638,313,0,0,0,325885668,1685632476173808384
1192,325,0.01,409,301,0,0,0,324096397,1685632427453179904
1193,325,0.01,409,300,0,0,0,321924238,1685632372636856064
1194,322,0.01,509,315,0,0,0,318514687,1685632277865924096
1195,322,0.01,370,308,0,0,0,317468620,1685632252832143616
1196,325,0.01,454,304,0,0,0,316840587,1685632234130276608
1197,325,0.01,355,323,0,0,0,316075380,1685632208815496704
1198,325,0.01,355,301,0,0,0,315432374,1685632185339701760
1199,325,0.01,409,301,0,0,0,315367627,1685632183897021184
1200,325,0.01,355,315,0,0,0,315346006,1685632183793469440
1201,313,0.01,423,304,0,0,0,314999170,1685632175589435904
1202,325,0.01,454,301,0,0,0,314784220,1685632170808637696
1203,325,0.01,349,309,0,0,0,313911393,1685632152779070976
1204,325,0.01,335,315,0,0,0,313574088,1685632141073426688
1205,325,0.01,380,323,0,0,0,312734956,1685632116981540864
1206,325,0.01,335,315,0,0,0,311126981,1685632071335509248
1207,325,0.01,389,303,0,0,0,309974578,1685632034604605440
1208,325,0.01,389,301,0,0,0,308980625,1685632005440163328
1209,322,0.01,528,315,0,0,0,308120454,1685631988799319040
1210,325,0.01,335,300,0,0,0,308112195,1685631988773998848
1211,313,0.01,338,313,0,0,0,308095586,1685631988693311488
1212,325,0.01,389,308,0,0,0,308090009,1685631988679814912
1213,325,0.01,335,308,0,0,0,307914833,1685631986701443584
1214,325,0.01,389,313,0,0,0,307904156,1685631986665282816
1215,325,0.01,372,323,0,0,0,307750545,1685631983240802560
1216,325,0.01,335,301,0,0,0,307651052,1685631981050914304
1217,322,0.01,550,307,0,0,0,307532035,1685631979802447104
1218,325,0.01,335,316,0,0,0,307512033,1685631979732760832
1219,322,0.01,423,319,0,0,0,307043582,1685631965332609792
1220,325,0.01,426,316,0,0,0,306427927,1685631948665445120
1221,325,0.01,335,315,0,0,0,306170807,1685631944023719680
1222,325,0.01,349,301,0,0,0,304140737,1685631901936306432
1223,313,0.01,330,301,0,0,0,303017205,1685631870952598528
1224,313,0.01,378,309,0,0,0,302998848,1685631870876330752
1225,325,0.01,426,325,0,0,0,302998661,1685631870875925504
1226,325,0.01,372,301,0,0,0,302799027,1685631864772869376
1227,325,0.01,295,315,0,0,0,301684703,1685631828728401408
1228,325,0.01,372,301,0,0,0,301401979,1685631825235024384
1229,322,0.01,470,319,0,0,0,300669207,1685631806780476160
1230,325,0.01,349,316,0,0,0,299134297,1685631776619735808
1231,325,0.01,389,301,0,0,0,298571424,1685631760571116288
1232,325,0.01,389,301,0,0,0,298337569,1685631756400494080
1233,325,0.01,295,300,0,0,0,297135114,1685631730258783232
1234,325,0.01,349,301,0,0,0,293839150,1685631613480026624
1235,322,0.01,420,307,0,0,0,293732954,1685631609615537920
1236,303,0.01,327,309,0,0,0,293721344,1685631609366741248
1237,313,0.01,338,301,0,0,0,293518929,1685631601205923072
1238,325,0.01,349,325,0,0,0,293516448,1685631601199391744
1239,325,0.01,335,323,0,0,0,293272621,1685631587859181568
1240,325,0.01,335,323,0,0,0,292674755,1685631565940507904
1241,325,0.01,426,301,0,0,0,291258051,1685631522232088576
1242,325,0.01,426,307,0,0,0,290687420,1685631496736302336
1243,325,0.01,372,303,0,0,0,289975675,1685631476108730880
1244,325,0.01,335,323,0,0,0,289768874,1685631470440412160
1245,313,0.01,338,301,0,0,0,289392879,1685631457905208320
1246,325,0.01,295,309,0,0,0,288792222,1685631440175149824
1247,325,0.01,349,313,0,0,0,288107610,1685631428919917056
1248,322,0.01,423,308,0,0,0,286669336,1685631385708047360
1249,325,0.01,426,304,0,0,0,285661072,1685631361801019648
1250,325,0.01,372,323,0,0,0,285162944,1685631340492367104
1251,325,0.01,426,301,0,0,0,283972448,1685631295346441472
1252,325,0.01,372,307,0,0,0,282848357,1685631251783005696
1253,322,0.01,432,316,0,0,0,282757698,1685631249829204224
1254,325,0.01,335,307,0,0,0,281309544,1685631189202687744
1255,325,0.01,372,300,0,0,0,279409313,1685631129569418752
1256,322,0.01,450,302,0,0,0,277703187,1685631082217712384
1257,325,0.01,335,316,0,0,0,276322668,1685631041785470720
1258,325,0.01,335,315,0,0,0,276052762,1685631034109787392
1259,325,0.01,349,301,0,0,0,275796774,1685631031087668992
1260,325,0.01,295,315,0,0,0,275765247,1685631030899391232
1261,325,0.01,372,313,0,0,0,275762741,1685631030884726272
1262,325,0.01,426,301,0,0,0,275478838,1685631027289290496
1263,303,0.01,444,302,0,0,0,275026340,1685631014292182784
1264,325,0.01,335,307,0,0,0,274552502,1685631003412272384
1265,313,0.01,338,300,0,0,0,274321322,1685630996262077440
1266,322,0.01,390,322,0,0,0,274317343,1685630996247764992
1267,325,0.01,372,313,0,0,0,273950817,1685630980460352000
1268,322,0.01,428,307,0,0,0,273575424,1685630965669729024
1269,313,0.01,338,308,0,0,0,272302951,1685630939031093504
1270,325,0.01,389,301,0,0,0,271672371,1685630919654967040
1271,325,0.01,335,315,0,0,0,271351434,1685630912351786240
1272,313,0.01,338,309,0,0,0,271347753,1685630912341422592
1273,325,0.01,335,309,0,0,0,271131220,1685630907923114752
1274,313,0.01,290,309,0,0,0,270332727,1685630890468693760
1275,325,0.01,335,301,0,0,0,269540531,1685630872646203904
1276,325,0.01,295,308,0,0,0,269522836,1685630872547879936
1277,325,0.01,295,315,0,0,0,269402283,1685630871148604672
1278,325,0.01,295,301,0,0,0,267358207,1685630812911348992
1279,322,0.01,422,308,0,0,0,266147078,1685630778376539904
1280,325,0.01,389,301,0,0,0,265614756,1685630762921893120
1281,325,0.01,372,304,0,0,0,262403197,1685630679408437760
1282,325,0.01,295,323,0,0,0,262256660,1685630677179499776
1283,322,0.01,423,315,0,0,0,262049100,1685630672061653504
1284,322,0.01,423,315,0,0,0,260902032,1685630647649677312
1285,322,0.01,544,309,0,0,0,255420020,1685630489132806400
1286,325,0.01,349,322,0,0,0,255418804,1685630489123739904
1287,313,0.01,335,315,0,0,0,255396975,1685630489016329216
1288,313,0.01,335,303,0,0,0,255117774,1685630484062621440
1289,322,0.01,422,304,0,0,0,254643081,1685630470652612608
1290,322,0.01,544,325,0,0,0,254422075,1685630464175249152
1291,325,0.01,426,304,0,0,0,254117317,1685630457966790912
1292,325,0.01,426,301,0,0,0,253720412,1685630443714133248
1293,325,0.01,335,309,0,0,0,253429611,1685630438296530432
1294,325,0.01,426,319,0,0,0,253422450,1685630438271781120
1295,322,0.01,425,303,0,0,0,252996676,1685630428469154048
1296,322,0.01,423,303,0,0,0,252547102,1685630417801408768
1297,325,0.01,335,301,0,0,0,251333011,1685630382622098432
1298,325,0.01,295,307,0,0,0,251185308,1685630380306946560
1299,322,0.01,440,308,0,0,0,250438845,1685630360335585280
1300,325,0.01,372,303,0,0,0,250211255,1685630355388674816
1301,325,0.01,295,319,0,0,0,249952292,1685630351937248000
1302,313,0.01,290,319,0,0,0,249659806,1685630346587513344
1303,325,0.01,426,303,0,0,0,249569903,1685630343462994432
1304,325,0.01,372,301,0,0,0,247339526,1685630290526159872
1305,325,0.01,335,301,0,0,0,247001414,1685630283333327616
1306,325,0.01,426,304,0,0,0,246993143,1685630283316212224
1307,325,0.01,426,319,0,0,0,246877800,1685630281221346304
1308,325,0.01,295,301,0,0,0,245854053,1685630252286594560
1309,325,0.01,426,304,0,0,0,245715984,1685630249933035264
1310,325,0.01,426,303,0,0,0,244800292,1685630222953545984
1311,322,0.01,546,308,0,0,0,243400576,1685630180546884608
1312,325,0.01,335,309,0,0,0,243375902,1685630180449558272
1313,313,0.01,338,313,0,0,0,243369016,1685630180438025728
1314,325,0.01,426,302,0,0,0,243265807,1685630179260038912
1315,325,0.01,335,309,0,0,0,242332961,1685630151969576960
1316,325,0.01,335,308,0,0,0,241390802,1685630126517070848
1317,325,0.01,389,303,0,0,0,241383476,1685630126493469440
1318,325,0.01,335,301,0,0,0,240570362,1685630108714684928
1319,325,0.01,335,315,0,0,0,240389939,1685630106847940096
1320,325,0.01,426,300,0,0,0,239524562,1685630090709712640
1321,325,0.01,426,304,0,0,0,239137077,1685630079465450496
1322,325,0.01,335,309,0,0,0,238767011,1685630067123571712
1323,322,0.01,390,309,0,0,0,238414440,1685630056478967808
1324,325,0.01,295,323,0,0,0,238405221,1685630056441339392
1325,325,0.01,426,301,0,0,0,238387407,1685630056357698816
1326,313,0.01,378,309,0,0,0,237939637,1685630045232371968
1327,322,0.01,474,302,0,0,0,237454980,1685630030249648128
1328,325,0.01,426,309,0,0,0,236696930,1685629999704745472
1329,325,0.01,335,315,0,0,0,236061800,1685629983336754688
1330,325,0.01,335,309,0,0,0,235260652,1685629953405591296
1331,325,0.01,389,307,0,0,0,235253067,1685629953386196480
1332,325,0.01,389,308,0,0,0,234791254,1685629940824502016
1333,313,0.01,383,301,0,0,0,234341872,1685629927913744640
1334,325,0.01,335,301,0,0,0,233447865,1685629903764671232
1335,325,0.01,426,319,0,0,0,233316397,1685629899374464768
1336,325,0.01,389,323,0,0,0,231424817,1685629852444436480
1337,325,0.01,335,304,0,0,0,230916949,1685629840781767680
1338,313,0.01,338,313,0,0,0,230916025,1685629840779952896
1339,325,0.01,335,301,0,0,0,230074760,1685629814051300352
1340,325,0.01,389,309,0,0,0,229915719,1685629811709719040
1341,325,0.01,335,315,0,0,0,229901393,1685629811644022272
1342,325,0.01,335,315,0,0,0,228861578,1685629773799935232
1343,325,0.01,295,309,0,0,0,227377938,1685629728491956992
1344,325,0.01,335,323,0,0,0,227199610,1685629725031178496
1345,325,0.01,335,315,0,0,0,226975227,1685629723025997312
1346,313,0.01,335,309,0,0,0,226417144,1685629712256585728
1347,325,0.01,335,319,0,0,0,226082456,1685629706360356096
1348,322,0.01,304,323,0,0,0,225567879,1685629693693606656
1349,322,0.01,448,303,0,0,0,224818002,1685629668853349120
1350,325,0.01,335,301,0,0,0,223726679,1685629630483829504
1351,325,0.01,389,308,0,0,0,223293684,1685629620068723712
1352,325,0.01,335,301,0,0,0,222256205,1685629594405548288
1353,325,0.01,372,308,0,0,0,222081614,1685629590950577152
1354,325,0.01,295,315,0,0,0,221676402,1685629584643187200
1355,325,0.01,335,319,0,0,0,221207452,1685629578407245312
1356,325,0.01,389,313,0,0,0,221191403,1685629578332332032
1357,322,0.01,415,308,0,0,0,220684019,1685629566645825536
1358,325,0.01,295,301,0,0,0,220070953,1685629553228154624
1359,325,0.01,349,308,0,0,0,218283619,1685629520775341056
1360,325,0.01,349,301,0,0,0,217932274,1685629511876435968
1361,325,0.01,295,304,0,0,0,217926899,1685629511830381824
1362,325,0.01,335,300,0,0,0,217170774,1685629500207046144
1363,313,0.01,383,323,0,0,0,215954942,1685629468403080192
1364,313,0.01,303,315,0,0,0,215617347,1685629463410639104
1365,325,0.01,335,309,0,0,0,215362345,1685629458715691776
1366,313,0.01,338,300,0,0,0,214362058,1685629430409381632
1367,325,0.01,335,309,0,0,0,213787891,1685629414466849792
1368,325,0.01,349,309,0,0,0,213697204,1685629412826504704
1369,322,0.01,382,313,0,0,0,213135353,1685629402321929984
1370,325,0.01,335,315,0,0,0,211731439,1685629375613273856
1371,325,0.01,335,315,0,0,0,211577216,1685629370657050880
1372,325,0.01,335,315,0,0,0,211323680,1685629365338144000
1373,325,0.01,349,309,0,0,0,211160819,1685629362365920256
1374,325,0.01,349,301,0,0,0,210452454,1685629352285683456
1375,325,0.01,335,301,0,0,0,210007072,1685629346638414080
1376,325,0.01,349,301,0,0,0,209099949,1685629330180049920
1377,325,0.01,349,304,0,0,0,208876976,1685629327692510208
1378,325,0.01,295,301,0,0,0,208732728,1685629326486095616
1379,325,0.01,349,301,0,0,0,208506710,1685629324121698304
1380,325,0.01,335,323,0,0,0,206787561,1685629298925787648
1381,325,0.01,349,308,0,0,0,205953358,1685629288258164480
1382,325,0.01,332,315,0,0,0,205663871,1685629285638647040
1383,322,0.01,382,307,0,0,0,205371592,1685629283175264512
1384,313,0.01,330,307,0,0,0,205155503,1685629281179823872
1385,313,0.01,378,319,0,0,0,205124914,1685629281014932992
1386,325,0.01,335,301,0,0,0,205041396,1685629280272972288
1387,325,0.01,426,300,0,0,0,203937881,1685629256333874944
1388,325,0.01,335,309,0,0,0,203195895,1685629229702118656
1389,325,0.01,349,315,0,0,0,201854624,1685629185775485952
1390,322,0.01,448,302,0,0,0,200327867,1685629141295562240
1391,325,0.01,389,313,0,0,0,199984861,1685629134067937024
1392,325,0.01,426,309,0,0,0,199461965,1685629121472922112
1393,325,0.01,335,315,0,0,0,199297523,1685629119365732096
1394,303,0.01,438,312,0,0,0,198477311,1685629104822567168
1395,322,0.01,388,309,0,0,0,197240708,1685629090327906304
1396,325,0.01,295,307,0,0,0,197100307,1685629089563471104
1397,325,0.01,295,309,0,0,0,195275383,1685629045284620800
1398,325,0.01,335,309,0,0,0,194911624,1685629039830653952
1399,325,0.01,372,301,0,0,0,193170578,1685628997465093632
1400,322,0.01,470,301,0,0,0,192999822,1685628993645035264
1401,325,0.01,335,323,0,0,0,192504110,1685628981007804672
1402,325,0.01,295,323,0,0,0,191768338,1685628963951059456
1403,325,0.01,372,301,0,0,0,191348595,1685628949933756928
1404,325,0.01,335,307,0,0,0,190655368,1685628929295871488
1405,325,0.01,389,300,0,0,0,188836198,1685628890008166144
1406,322,0.01,544,308,0,0,0,187408796,1685628850744128768
1407,313,0.01,383,300,0,0,0,187129596,1685628847187398656
1408,325,0.01,426,308,0,0,0,186270988,1685628828760846848
1409,325,0.01,335,323,0,0,0,185961523,1685628822820222208
1410,325,0.01,335,307,0,0,0,185800207,1685628817077936384
1411,325,0.01,335,315,0,0,0,185602147,1685628813660440576
1412,313,0.01,338,304,0,0,0,185104883,1685628803790795520
1413,325,0.01,335,315,0,0,0,184905604,1685628801083837184
1414,325,0.01,389,309,0,0,0,184602593,1685628795224799744
1415,325,0.01,335,315,0,0,0,184579139,1685628795061035520
1416,325,0.01,335,323,0,0,0,184131693,1685628787589826816
1417,325,0.01,372,300,0,0,0,184047243,1685628786289975552
1418,313,0.01,338,309,0,0,0,183857023,1685628782876425216
1419,325,0.01,335,309,0,0,0,183339533,1685628772601261312
1420,325,0.01,389,322,0,0,0,183058835,1685628768378390016
1421,325,0.01,335,309,0,0,0,181979004,1685628746715342848
1422,325,0.01,389,301,0,0,0,181707057,1685628738210268672
1423,325,0.01,335,315,0,0,0,181692388,1685628738137756160
1424,325,0.01,295,315,0,0,0,181300369,1685628733977430784
1425,325,0.01,335,313,0,0,0,180544253,1685628723037981696
1426,325,0.01,389,304,0,0,0,180540552,1685628723025723136
1427,325,0.01,372,308,0,0,0,180242231,1685628714691380992
1428,322,0.01,500,313,0,0,0,178473201,1685628666795395840
1429,325,0.01,372,309,0,0,0,178453852,1685628666689256960
1430,325,0.01,335,308,0,0,0,178281898,1685628663341810176
1431,325,0.01,372,301,0,0,0,178200880,1685628662026249984
1432,325,0.01,335,308,0,0,0,177740427,1685628653318666496
1433,325,0.01,295,303,0,0,0,177225835,1685628645076171264
1434,313,0.01,338,309,0,0,0,177221309,1685628645055918080
1435,325,0.01,389,302,0,0,0,177212488,1685628645027756032
1436,325,0.01,372,313,0,0,0,177066835,1685628639455968512
1437,325,0.01,389,301,0,0,0,176510533,1685628628137807104
1438,325,0.01,335,309,0,0,0,176489414,1685628628032842752
1439,325,0.01,349,309,0,0,0,175862317,1685628614793820672
1440,325,0.01,295,315,0,0,0,175847901,1685628614721784320
1441,325,0.01,335,323,0,0,0,175084607,1685628603626750976
1442,325,0.01,386,323,0,0,0,174535458,1685628596671826432
1443,325,0.01,335,323,0,0,0,173810772,1685628581550330624
1444,325,0.01,389,301,0,0,0,173764922,1685628581010351104
1445,313,0.01,338,323,0,0,0,173740339,1685628580885203200
1446,313,0.01,338,300,0,0,0,172515427,1685628558803259136
1447,325,0.01,349,301,0,0,0,172372685,1685628556427444480
1448,325,0.01,426,308,0,0,0,170325599,1685628512573388544
1449,325,0.01,295,309,0,0,0,168830998,1685628475086922496
1450,325,0.01,363,301,0,0,0,168111108,1685628458890897408
1451,325,0.01,295,323,0,0,0,167514876,1685628446809593600
1452,325,0.01,295,301,0,0,0,167455292,1685628446196378368
1453,313,0.01,329,313,0,0,0,167448261,1685628446177734912
1454,322,0.01,469,302,0,0,0,167394690,1685628445591849984
1455,325,0.01,417,302,0,0,0,166989322,1685628434911449344
1456,322,0.01,528,302,0,0,0,166680463,1685628429444874752
1457,325,0.01,285,315,0,0,0,165648439,1685628416076570368
1458,313,0.01,281,323,0,0,0,165488421,1685628414691601408
1459,325,0.01,384,301,0,0,0,164916755,1685628406207994880
1460,325,0.01,295,307,0,0,0,164344814,1685628399291651840
1461,325,0.01,417,322,0,0,0,164081589,1685628396201704960
1462,325,0.01,295,300,0,0,0,163079047,1685628379277602048
1463,325,0.01,349,313,0,0,0,163075099,1685628379267442944
1464,325,0.01,330,304,0,0,0,162978559,1685628377398275584
1465,325,0.01,295,315,0,0,0,162545952,1685628372810704896
1466,325,0.01,363,313,0,0,0,161283498,1685628359428686336
1467,325,0.01,349,313,0,0,0,159930778,1685628339314613248
1468,325,0.01,295,323,0,0,0,158815451,1685628322085016064
1469,325,0.01,349,309,0,0,0,157724475,1685628301962176000
1470,325,0.01,295,315,0,0,0,157702899,1685628301878571776
1471,325,0.01,295,301,0,0,0,156024239,1685628274166555392
1472,322,0.01,504,302,0,0,0,155323278,1685628256793159424
1473,325,0.01,349,315,0,0,0,155307517,1685628256699306496
1474,325,0.01,403,301,0,0,0,155076736,1685628252221159424
1475,325,0.01,377,300,0,0,0,153321834,1685628216788668160
1476,325,0.01,323,301,0,0,0,152782748,1685628205454533376
1477,325,0.01,377,313,0,0,0,152613990,1685628201862809088
1478,325,0.01,377,313,0,0,0,152136474,1685628194493068288
1479,322,0.01,328,322,0,0,0,151984312,1685628192636716288
1480,325,0.01,323,301,0,0,0,151807696,1685628189852410368
1481,325,0.01,349,313,0,0,0,150014612,1685628155315795712
1482,325,0.01,295,309,0,0,0,149235250,1685628142498689536
1483,325,0.01,349,309,0,0,0,148964920,1685628138130650368
1484,325,0.01,377,301,0,0,0,148687239,1685628135449833472
1485,325,0.01,349,309,0,0,0,148046795,1685628126321816064
1486,325,0.01,323,309,0,0,0,147848677,1685628123855794688
1487,325,0.01,403,301,0,0,0,145920805,1685628090785079296
1488,325,0.01,323,301,0,0,0,144699005,1685628074016635392
1489,325,0.01,403,304,0,0,0,144269852,1685628067647078144
1490,325,0.01,403,302,0,0,0,144057454,1685628065078471424
1491,325,0.01,278,309,0,0,0,143450229,1685628054822245888
1492,325,0.01,323,313,0,0,0,143218535,1685628051243249664
1493,325,0.01,377,307,0,0,0,143214686,1685628051236269568
1494,325,0.01,377,301,0,0,0,143108699,1685628049999841280
1495,325,0.01,304,309,0,0,0,141153847,1685628020929063168
1496,325,0.01,304,309,0,0,0,140955916,1685628016947004672
1497,325,0.01,250,309,0,0,0,140936306,1685628016806305280
1498,325,0.01,250,301,0,0,0,140769865,1685628014181671936
1499,325,0.01,250,309,0,0,0,140545505,1685628009834932736
1500,325,0.01,304,301,0,0,0,140286111,1685628006033453056
1501,325,0.01,304,309,0,0,0,139318874,1685627975832889600
1502,325,0.01,403,300,0,0,0,137855140,1685627946332038144
1503,322,0.01,492,313,0,0,0,137453417,1685627940284688128
1504,322,0.01,400,308,0,0,0,137009925,1685627925203056896
1505,325,0.01,349,313,0,0,0,133211022,1685627848771699200
1506,325,0.01,375,309,0,0,0,131614952,1685627820246891008
1507,322,0.01,431,304,0,0,0,131243314,1685627815093895680
1508,325,0.01,400,300,0,0,0,130769108,1685627805856321024
1509,325,0.01,375,309,0,0,0,130165992,1685627797417071616
1510,325,0.01,400,323,0,0,0,129579052,1685627790347881984
1511,325,0.01,250,309,0,0,0,129257012,1685627787225198336
1512,325,0.01,295,301,0,0,0,128370944,1685627776516120576
1513,325,0.01,400,313,0,0,0,127436212,1685627766399487744
1514,325,0.01,349,301,0,0,0,125849909,1685627735569359872
1515,325,0.01,295,309,0,0,0,125829949,1685627735438238464
1516,325,0.01,295,301,0,0,0,125165041,1685627724207853824
1517,325,0.01,295,301,0,0,0,124577123,1685627715393376512
1518,325,0.01,320,301,0,0,0,124095819,1685627710276562176
1519,325,0.01,374,319,0,0,0,123922479,1685627709026167040
1520,325,0.01,374,301,0,0,0,123436845,1685627703832199680
1521,325,0.01,349,309,0,0,0,122851349,1685627697849730304
1522,325,0.01,397,301,0,0,0,122758827,1685627697303360256
1523,325,0.01,397,304,0,0,0,122505590,1685627689858176256
1524,325,0.01,374,300,0,0,0,121086535,1685627659675625472
1525,322,0.01,450,323,0,0,0,120904278,1685627656740759808
1526,325,0.01,374,301,0,0,0,120878583,1685627656620186880
1527,325,0.01,320,323,0,0,0,119844052,1685627636926831360
1528,325,0.01,343,309,0,0,0,119632827,1685627632074315776
1529,325,0.01,374,309,0,0,0,118388398,1685627609406253824
1530,325,0.01,335,302,0,0,0,117807925,1685627598031590912
1531,325,0.01,389,301,0,0,0,117352924,1685627591220722176
1532,325,0.01,335,301,0,0,0,115496427,1685627559432511232
1533,313,0.01,338,313,0,0,0,115492468,1685627559408219392
1534,325,0.01,335,309,0,0,0,115353033,1685627556552243712
1535,325,0.01,389,315,0,0,0,115291984,1685627556088623616
1536,325,0.01,295,301,0,0,0,115147818,1685627552805754624
1537,322,0.01,352,301,0,0,0,114997247,1685627550202372608
1538,325,0.01,304,308,0,0,0,104704029,1685627412179912960
1539,313,0.01,281,315,0,0,0,104683148,1685627412045783296
1540,325,0.01,295,309,0,0,0,96954702,1685627308492808192
1541,325,0.01,349,300,0,0,0,96563162,1685627302582390528
1542,325,0.01,295,315,0,0,0,95432223,1685627286658622208
1543,322,0.01,435,325,0,0,0,95093187,1685627282555627776
1544,325,0.01,330,319,0,0,0,93417817,1685627262047360512
1545,325,0.01,330,323,0,0,0,93139803,1685627258325720832
1546,325,0.01,363,323,0,0,0,92954730,1685627256067318272
1547,325,0.01,384,301,0,0,0,91404666,1685627236986786304
1548,325,0.01,384,301,0,0,0,90876273,1685627230134034432
1549,325,0.01,330,315,0,0,0,90706345,1685627228812466176
1550,325,0.01,295,309,0,0,0,90399225,1685627225592790016
1551,325,0.01,330,323,0,0,0,90123701,1685627223343701248
1552,325,0.01,295,315,0,0,0,89848194,1685627219104529920
1553,325,0.01,384,301,0,0,0,88752309,1685627206302608384
1554,325,0.01,363,304,0,0,0,88570575,1685627205287404032
1555,325,0.01,330,300,0,0,0,88461616,1685627204413809664
1556,325,0.01,384,322,0,0,0,88055831,1685627201947037440
1557,325,0.01,417,301,0,0,0,86456525,1685627181270245376
1558,325,0.01,384,313,0,0,0,86251226,1685627177280878336
1559,322,0.01,421,316,0,0,0,86086416,1685627174176983040
1560,325,0.01,295,301,0,0,0,85444444,1685627165394430208
1561,325,0.01,295,304,0,0,0,85243667,1685627163366230016
1562,325,0.01,295,315,0,0,0,84397624,1685627155606056192
1563,325,0.01,295,315,0,0,0,83069973,1685627140509681152
1564,325,0.01,363,309,0,0,0,83057953,1685627140460338688
1565,322,0.01,366,322,0,0,0,83052108,1685627140448851200
1566,313,0.01,326,309,0,0,0,82548730,1685627135579520768
1567,325,0.01,372,325,0,0,0,82548544,1685627135578898688
1568,325,0.01,339,313,0,0,0,82330176,1685627133550398976
1569,325,0.01,318,301,0,0,0,81557156,1685627127969442048
1570,325,0.01,318,309,0,0,0,81037177,1685627124641489664
1571,325,0.01,285,323,0,0,0,80639552,1685627122117078016
1572,325,0.01,285,315,0,0,0,80484679,1685627121121928448
1573,325,0.01,304,313,0,0,0,80278434,1685627118964856064
1574,325,0.01,304,309,0,0,0,80078347,1685627115766261504
1575,325,0.01,304,313,0,0,0,79758402,1685627110324993792
1576,325,0.01,250,309,0,0,0,79732356,1685627110113821184
1577,313,0.01,258,313,0,0,0,79728567,1685627110097813760
1578,325,0.01,304,313,0,0,0,79696086,1685627109659859712
1579,325,0.01,304,309,0,0,0,79614200,1685627108526471168
1580,325,0.01,250,315,0,0,0,79597154,1685627108389680896
1581,325,0.01,304,309,0,0,0,79557468,1685627107836646144
1582,325,0.01,250,309,0,0,0,79522066,1685627107621494528
1583,325,0.01,304,313,0,0,0,79372277,1685627106203784448
1584,325,0.01,277,301,0,0,0,78615597,1685627095186091520
1585,325,0.01,277,313,0,0,0,78561315,1685627094796488192
1586,325,0.01,250,323,0,0,0,78407386,1685627090874407680
1587,325,0.01,285,323,0,0,0,78297389,1685627089243138304
1588,325,0.01,312,301,0,0,0,77774266,1685627082576334592
1589,325,0.01,285,301,0,0,0,77257199,1685627075837569280
1590,322,0.01,382,315,0,0,0,76769888,1685627069587578112
1591,325,0.01,330,313,0,0,0,76609997,1685627068224102144
1592,325,0.01,357,325,0,0,0,76604191,1685627068217396992
1593,322,0.01,474,325,0,0,0,76313999,1685627061823951872
1594,325,0.01,330,313,0,0,0,76290038,1685627061698785024
1595,325,0.01,322,301,0,0,0,76048469,1685627058881844480
1596,325,0.01,330,302,0,0,0,75807610,1685627055724651520
1597,325,0.01,330,313,0,0,0,75638674,1685627054048407552
1598,325,0.01,357,301,0,0,0,75115689,1685627048534979328
1599,325,0.01,390,300,0,0,0,73083576,1685627019192183552
1600,325,0.01,295,312,0,0,0,72142288,1685627006959696384
1601,325,0.01,330,304,0,0,0,72025885,1685627005938816000
1602,325,0.01,295,300,0,0,0,71966826,1685627005469858048
1603,313,0.01,305,301,0,0,0,70877102,1685626995746952704
1604,325,0.01,295,307,0,0,0,70647545,1685626994179795456
1605,325,0.01,322,301,0,0,0,69871453,1685626984192692992
1606,325,0.01,295,312,0,0,0,69689372,1685626982384645632
1607,325,0.01,295,313,0,0,0,69490460,1685626980061049088
1608,325,0.01,322,309,0,0,0,69340992,1685626978167701248
1609,325,0.01,295,313,0,0,0,68888366,1685626972460696832
1610,325,0.01,295,313,0,0,0,68291936,1685626965249954560
1611,325,0.01,322,301,0,0,0,67969588,1685626960615532544
1612,325,0.01,322,302,0,0,0,67778866,1685626958492359168
1613,325,0.01,322,313,0,0,0,67606952,1685626956297326080
1614,322,0.01,392,308,0,0,0,66996972,1685626950619633408
1615,325,0.01,322,309,0,0,0,66442460,1685626944325922304
1616,325,0.01,295,313,0,0,0,66416829,1685626944215450112
1617,325,0.01,322,313,0,0,0,66226975,1685626941048528640
1618,325,0.01,322,301,0,0,0,66094057,1685626940269859328
1619,325,0.01,295,313,0,0,0,66057513,1685626940133595392
1620,325,0.01,295,301,0,0,0,65828751,1685626937568315648
1621,303,0.01,362,304,0,0,0,65825292,1685626937565644544
1622,325,0.01,295,313,0,0,0,65516763,1685626935215282688
1623,325,0.01,295,300,0,0,0,65319229,1685626933692544512
1624,322,0.01,528,301,0,0,0,64534854,1685626927420239104
1625,325,0.01,322,301,0,0,0,64211010,1685626925652594176
1626,322,0.01,346,325,0,0,0,64096647,1685626924984047104
1627,325,0.01,322,304,0,0,0,62847682,1685626911396466688
1628,325,0.01,322,312,0,0,0,62528768,1685626908851267584
1629,325,0.01,322,312,0,0,0,62086091,1685626904625280512
1630,325,0.01,295,313,0,0,0,61514933,1685626899229858304
1631,325,0.01,322,308,0,0,0,61178653,1685626896171918592
1632,325,0.01,322,301,0,0,0,60944797,1685626893998313984
1633,325,0.01,322,309,0,0,0,60227509,1685626886788456704
1634,325,0.01,322,309,0,0,0,59860486,1685626883773458944
1635,325,0.01,295,302,0,0,0,59738411,1685626883038137600
1636,325,0.01,322,301,0,0,0,59430609,1685626880180001280
1637,325,0.01,322,301,0,0,0,59316903,1685626879486155520
1638,325,0.01,330,301,0,0,0,59066024,1685626877024211200
1639,325,0.01,322,313,0,0,0,58537745,1685626872683298304
1640,325,0.01,330,313,0,0,0,58234325,1685626869801707520
1641,322,0.01,388,301,0,0,0,57747265,1685626866058570496
1642,325,0.01,330,304,0,0,0,56828586,1685626855902718720
1643,322,0.01,413,315,0,0,0,56755871,1685626855295346944
1644,322,0.01,394,308,0,0,0,56546474,1685626851694922496
1645,322,0.01,423,308,0,0,0,56125573,1685626844554043904
1646,325,0.01,357,312,0,0,0,55456034,1685626833561275392
1647,325,0.01,357,300,0,0,0,55032914,1685626828789862912
1648,322,0.01,401,307,0,0,0,55020619,1685626828722662912
1649,325,0.01,357,313,0,0,0,54556293,1685626823215677952
1650,325,0.01,330,315,0,0,0,53472068,1685626808825275392
1651,325,0.01,322,301,0,0,0,52989475,1685626803763892480
1652,325,0.01,295,313,0,0,0,51312329,1685626780205560064
1653,325,0.01,295,313,0,0,0,51203520,1685626779052725504
1654,325,0.01,322,312,0,0,0,50205075,1685626764394912256
1655,325,0.01,322,323,0,0,0,49723263,1685626758375447552
1656,325,0.01,322,313,0,0,0,49474853,1685626755762248960
1657,325,0.01,322,309,0,0,0,49340405,1685626754934150144
1658,325,0.01,322,308,0,0,0,49293555,1685626754605218048
1659,325,0.01,295,309,0,0,0,46118825,1685626715732962816
1660,325,0.01,295,309,0,0,0,44420569,1685626694631315456
1661,325,0.01,322,301,0,0,0,43589409,1685626687371393280
1662,325,0.01,322,309,0,0,0,42253061,1685626674379834112
1663,325,0.01,322,309,0,0,0,42158349,1685626673708588032
1664,325,0.01,295,309,0,0,0,41857083,1685626669993333760
1665,325,0.01,322,325,0,0,0,41853589,1685626669987444992
1666,325,0.01,322,313,0,0,0,38798535,1685626635878476800
1667,325,0.01,322,313,0,0,0,37868773,1685626629553324544
1668,325,0.01,295,312,0,0,0,36177447,1685626614509912320
1669,325,0.01,322,301,0,0,0,35997588,1685626612223102976
1670,325,0.01,322,301,0,0,0,35842304,1685626610426862080
1671,325,0.01,322,313,0,0,0,35477340,1685626605826464000
1672,325,0.01,322,312,0,0,0,35155051,1685626602020852736
1673,325,0.01,295,309,0,0,0,34969112,1685626599986982656
1674,325,0.01,322,308,0,0,0,34734728,1685626596298447616
1675,325,0.01,295,302,0,0,0,34422661,1685626592310124288
1676,325,0.01,322,301,0,0,0,34170520,1685626589803720960
1677,325,0.01,295,308,0,0,0,34123673,1685626589583922688
1678,325,0.01,322,312,0,0,0,34003667,1685626588182296832
1679,325,0.01,295,313,0,0,0,33896098,1685626587444576000
1680,325,0.01,322,312,0,0,0,33648299,1685626584953580032
1681,325,0.01,322,313,0,0,0,33284335,1685626581949924608
1682,325,0.01,295,313,0,0,0,33248109,1685626581825668608
1683,325,0.01,322,313,0,0,0,33180521,1685626580716978688
1684,325,0.01,295,313,0,0,0,32828215,1685626576501860352
1685,325,0.01,322,313,0,0,0,32632596,1685626574372732160
1686,325,0.01,322,313,0,0,0,32432650,1685626572383485696
1687,325,0.01,322,309,0,0,0,31682852,1685626566445059840
1688,325,0.01,322,313,0,0,0,31390676,1685626564424812288
1689,325,0.01,322,313,0,0,0,30898102,1685626560928804864
1690,325,0.01,322,313,0,0,0,30732596,1685626559659079680
1691,325,0.01,322,309,0,0,0,30579107,1685626558363294464
1692,325,0.01,295,313,0,0,0,30507540,1685626557972827136
1693,325,0.01,322,301,0,0,0,29931686,1685626553313319936
1694,325,0.01,322,313,0,0,0,29872614,1685626552862481152
1695,325,0.01,295,313,0,0,0,29748085,1685626552128652032
1696,325,0.01,322,309,0,0,0,29646287,1685626551204664832
1697,325,0.01,322,309,0,0,0,29575381,1685626550741018368
1698,325,0.01,295,322,0,0,0,29528936,1685626550499099136
1699,325,0.01,295,313,0,0,0,29465416,1685626550128555520
1700,325,0.01,322,309,0,0,0,29369452,1685626549469133568
1701,325,0.01,322,313,0,0,0,29279590,1685626548705011712
1702,325,0.01,295,313,0,0,0,29102298,1685626546417815552
1703,325,0.01,322,309,0,0,0,28989821,1685626544985677056
1704,325,0.01,322,313,0,0,0,28557043,1685626539697339904
1705,325,0.01,322,309,0,0,0,28339853,1685626537936992768
1706,325,0.01,322,300,0,0,0,27925714,1685626534632163072
1707,325,0.01,322,322,0,0,0,27864248,1685626534139424256
1708,325,0.01,295,313,0,0,0,27837545,1685626534011920640
1709,325,0.01,322,309,0,0,0,27532320,1685626530423661312
1710,325,0.01,295,315,0,0,0,23054703,1685626498166252800
1711,325,0.01,295,313,0,0,0,22743623,1685626495209420544
1712,325,0.01,322,309,0,0,0,22550660,1685626492360405760
1713,325,0.01,295,309,0,0,0,22523173,1685626492230030592
1714,325,0.01,322,315,0,0,0,22385570,1685626489865584384
1715,325,0.01,322,312,0,0,0,13309081,1685626377023840512
1716,325,0.01,322,309,0,0,0,13154744,1685626375004912640
